3026 4350
277 196 296 260 8
576 212 737 267 LAELIUS
754 212 804 266 DE
822 212 1010 273 AMICITIA.

277 393 383 453 autem
408 386 454 452 vis
476 385 634 450 amicitiae
657 386 706 466 sit,
723 406 764 450 ex
786 385 846 451 hoo
868 386 1011 471 intellegi
1032 386 1171 452 maxime
1193 392 1307 471 potest,

279 489 362 572 quod
384 510 425 555 ex
451 489 576 553 infinita
602 489 750 554 societate
776 490 902 572 generis
928 489 1068 570 humani,
1092 510 1186 573 quam
1210 490 1309 554 conei-

277 594 367 659 liavit
387 594 458 677 ipsa
483 599 606 674 natura,
629 593 674 656 ita
700 598 861 657 oontraeta
889 612 940 658 res
970 599 1018 658 est
1047 600 1079 658 et
1108 591 1246 657 adduota
1275 593 1309 656 in

277 703 456 781 angustum,
472 702 507 760 ut
522 697 624 761 omnis
639 695 753 760 earitas
774 701 830 759 aut
852 697 934 761 inter
956 694 1034 761 duos
1056 701 1111 760 aut
1132 696 1215 760 inter
1235 715 1309 778 pau-

240 816 258 869 o
278 820 331 866 eos
346 801 534 884 iungeretur.
558 800 616 864 Est
631 800 715 863 enim
731 800 870 864 amicitia
887 800 966 864 nihil
985 799 1072 864 aliud
1090 800 1151 865 nisi
1171 798 1309 864 omnium

277 903 456 969 divinarum
470 903 740 985 humanarumque
755 923 860 968 rerum
882 924 953 968 oum
975 903 1190 969 benivolentia
1212 908 1244 967 et
1263 922 1309 966 oa-

278 1007 370 1072 ritate
399 1006 582 1089 consensio,
611 1026 674 1087 qua
695 1005 822 1088 quidem
845 1005 931 1071 haud
954 1007 1019 1071 seio
1041 1027 1083 1071 an
1107 1011 1241 1090 excepta
1263 1025 1309 1069 sa-

278 1111 399 1196 pientia
413 1110 492 1174 nihil
507 1109 619 1175 melius
634 1110 754 1174 homini
772 1108 814 1174 sit
835 1129 856 1174 a
878 1109 927 1174 dis
949 1110 1168 1175 inmortalibus
1190 1108 1308 1173 datum

277 1215 414 1281 Divitias
436 1213 490 1277 alii
512 1219 720 1296 praeponunt,
736 1213 852 1277 bonam
874 1213 929 1277 alii
944 1213 1169 1294 valetudinem,
1184 1212 1239 1277 alii
1257 1232 1310 1295 po

279 1318 420 1397 tentiam,
443 1316 498 1381 alii
521 1316 664 1396 honorae,
687 1316 776 1379 multi
800 1316 895 1381 etiam
917 1316 1103 1400 voluptates.
1142 1316 1310 1381 Beluarum

279 1420 339 1485 hoo
365 1419 492 1502 quidem
519 1428 704 1499 extremum,
731 1420 786 1483 illa
811 1425 918 1484 autem
946 1421 1106 1504 superiora
1132 1419 1253 1484 oaduoa
1279 1423 1310 1481 et

279 1524 408 1606 ineerta,
427 1523 530 1607 posita
551 1542 615 1587 non
638 1528 702 1586 tam
724 1523 757 1586 in
781 1523 919 1588 consiliis
941 1524 1056 1589 nostris
1079 1543 1174 1606 quam
1196 1523 1229 1586 in
1252 1520 1309 1586 for-

281 1633 376 1691 tunae
397 1626 582 1690 temeritate.
611 1625 672 1701 Qui
694 1631 799 1690 autem
822 1627 855 1689 in
879 1627 993 1691 virtute
1016 1646 1171 1691 summum
1193 1627 1310 1691 bonum

279 1735 409 1814 ponunt,
433 1729 591 1813 praeclare
614 1729 660 1793 illi
682 1728 819 1811 quidem,
843 1728 900 1795 sed
922 1729 1002 1793 haee
1023 1729 1094 1812 ipsa
1115 1729 1214 1794 virtus
1235 1728 1310 1791 ami-

280 1833 385 1897 oitiam
417 1838 449 1897 et
477 1832 580 1916 gignit
609 1839 641 1896 et
671 1833 825 1925 eontinet,
844 1852 904 1897 neo
933 1834 1001 1897 sine
1028 1833 1143 1896 virtute
1172 1831 1311 1896 amicitia

280 1956 349 2000 esse
379 1935 441 1999 ullo
469 1940 562 2018 paeto
590 1942 702 2018 potest.
748 1936 817 1998 Iam
843 1935 990 2000 virtutem
1017 1955 1058 1999 ex
1085 1932 1310 2000 consuetudine

227 2066 257 2112 21
280 2039 365 2102 vitae
387 2038 602 2119 sermonisque
625 2038 722 2103 nostri
745 2038 986 2122 interpretemur
1008 2058 1067 2102 neo
1090 2058 1170 2118 eam,
1190 2042 1224 2100 nt
1246 2036 1310 2118 qui-

280 2142 355 2205 dam
385 2141 478 2223 dooti,
506 2142 672 2206 verborum
704 2141 941 2226 magnificentia
969 2143 1135 2206 metiamur
1163 2141 1310 2222 virosque

280 2248 379 2310 bonos
410 2265 472 2324 eoa,
500 2246 554 2327 qui
583 2244 748 2326 habentur,
775 2265 985 2327 numeremus,
1012 2245 1135 2325 Paulos,
1163 2246 1309 2324 Catones,

280 2348 390 2427 Gelos,
421 2348 597 2431 Scipiones,
627 2348 753 2432 Philos;
784 2348 834 2413 his
864 2349 1038 2413 eommunis
1068 2349 1134 2413 vita
1163 2354 1311 2413 eontenta

281 2458 345 2534 est;
376 2470 430 2516 eos
456 2456 562 2515 autem
589 2451 778 2533 omittamus,
807 2452 861 2538 qui
887 2451 1014 2516 omnino
1042 2472 1197 2533 nusquam
1224 2471 1310 2535 repe·

281 2554 410 2618 riuntur.

229 2684 261 2745 22
365 2657 459 2722 Tales
482 2658 578 2741 igitur
599 2658 681 2725 inter
702 2660 787 2725 viros
808 2660 948 2724 amicitia
963 2666 1068 2724 tantas
1083 2659 1311 2743 oportunitates

280 2760 386 2840 habet,
417 2767 551 2842 quantas
581 2760 636 2825 vix
667 2782 748 2844 queo
778 2762 891 2827 dicere.
937 2763 1095 2846 Principio
1126 2763 1180 2845 qui
1208 2768 1311 2847 potest

280 2883 350 2928 esse
380 2864 447 2927 vita
468 2856 630 2943 ‘vitalis',
658 2872 693 2927 ut
723 2865 767 2928 ait
788 2866 919 2946 Ennius,
950 2886 1031 2948 quae
1061 2887 1125 2931 non
1154 2867 1188 2930 in
1217 2865 1310 2930 amici
1397 2934 1402 2938 ,

279 2974 388 3031 mutua
410 2966 625 3030 benivolentia
647 2967 864 3049 conquiesoit‘?
891 2967 975 3044 Quid
998 2969 1120 3034 duloius
1142 2990 1236 3051 quam
1258 2968 1311 3032 ha-

279 3068 355 3134 bere
377 3069 503 3151 quioum
525 3069 631 3133 omnia
653 3069 772 3136 audeas
795 3071 841 3135 sio
862 3071 947 3153 loqui
970 3079 1004 3137 ut
1026 3073 1155 3136 teeum?
1182 3071 1243 3148 Qui
1266 3091 1310 3135 es·

278 3179 327 3236 set
357 3177 462 3236 tantus
492 3172 612 3239 fruetus
641 3174 673 3237 in
705 3175 863 3258 prosperis
891 3176 995 3255 rebus,
1018 3175 1080 3239 nisi
1102 3175 1236 3240 haberes
1258 3175 1311 3257 qui

278 3275 340 3340 illis
362 3294 462 3357 aeque
485 3295 523 3340 ao
551 3283 584 3340 tu
614 3277 682 3360 ipse
712 3276 889 3360 gauderet?
934 3277 1096 3342 Adversas
1125 3298 1200 3342 vero
1230 3278 1311 3342 ferre

278 3377 407 3442 difficile
435 3385 518 3443 esset
544 3379 612 3443 sine
639 3399 686 3460 eo,
710 3380 763 3461 qui
790 3380 860 3444 illas
887 3381 1016 3463 gravius
1044 3380 1137 3445 etiam
1161 3401 1256 3462 qnam
1278 3387 1312 3445 tu

278 3480 381 3546 ferret.
414 3481 558 3562 Denique
581 3488 704 3547 oeterae
727 3502 787 3563 res,
811 3503 893 3564 quae
916 3489 1116 3567 expetuntur,
1140 3490 1312 3567 oportunae

277 3590 350 3648 sunt
372 3583 514 3666 singulae
536 3585 631 3649 rebus
653 3585 720 3650 fere
742 3586 884 3672 singulis,
901 3585 1041 3667 divitiae,
1057 3594 1092 3652 ut
1106 3593 1207 3668 utare,
1224 3608 1310 3671 opes,

276 3693 311 3749 ut
337 3685 448 3764 oolare,
475 3685 619 3768 honores,
647 3694 682 3752 ut
711 3688 848 3770 laudere,
875 3690 1061 3773 voluptates,
1090 3697 1125 3756 ut
1159 3690 1311 3773 gaudeas,

277 3785 434 3868 valetudo,
450 3794 484 3850 ut
499 3787 604 3853 dolore
628 3810 737 3857 sareas
760 3797 792 3855 et
814 3793 997 3857 muneribus
1012 3792 1146 3878 fungare
1163 3793 1312 3877 emporia,
