3026 4350
498 198 581 254 one.
592 201 670 281 r-s.
689 199 825 262 sac-as.
1135 179 1173 242 11

145 377 187 441 ad
211 375 456 442 benivolentiam
479 371 739 456 coniungendam.
773 373 854 436 Nam
877 371 1027 436 utilitates
1050 369 1176 453 quidem

146 480 242 544 etiam
266 479 306 544 ab
335 478 374 543 iis
400 477 616 562 percipiuntur
641 495 746 560 saepe,
769 475 823 557 qui
850 474 1048 539 simulatione
1072 473 1177 538 amici·

145 583 209 649 tiae
237 583 380 647 coluntur
402 587 433 645 et
456 582 663 645 observantur
685 579 834 662 temporis
857 598 961 658 causa,
984 578 1017 642 in
1039 576 1177 641 amicitia

137 692 251 749 autem
273 684 353 748 nihil
374 683 481 748 fictum
505 689 562 763 est,
582 681 661 747 nihil
683 681 862 746 simulatum
886 687 927 762 et,
946 678 1099 763 quidquid
1118 687 1175 760 est,

145 787 178 851 id
202 794 248 852 est
271 807 381 852 verum
405 793 436 851 et
458 785 677 851 voluntarium.
706 783 903 869 Quapropter
923 805 944 848 a
965 790 1078 848 natura
1099 783 1175 847 mihi
1194 799 1226 845 ar

145 891 271 956 videtur
297 891 518 974 potiusquam
544 891 585 954 ab
612 889 788 973 indigentia
814 894 882 955 orta
907 887 1055 967 amicitia,
1079 885 1176 970 adpli-

145 994 269 1058 catione
295 994 398 1077 magis
424 993 522 1058 animi
549 1013 620 1058 cum
648 991 784 1074 quodam
810 1012 906 1057 sensu
931 990 1059 1055 amandi
1082 1010 1176 1072 quam

57 1140 62 1150 ·
146 1096 350 1179 cogitatione,
382 1102 533 1178 quantum
567 1095 621 1160 illa
654 1116 704 1160 res
735 1095 878 1160 utilitatis
907 1099 991 1159 esset
1020 1093 1173 1158 habitura.

146 1196 238 1274 Quod
261 1198 388 1280 quidem
411 1198 503 1280 quale
530 1198 571 1262 sit
598 1198 693 1262 ctiam
716 1198 749 1261 in
771 1197 880 1262 bestiis
902 1196 1091 1279 quibusdam
1112 1197 1175 1259 ani·

144 1301 300 1366 madverti
326 1308 438 1385 potest,
463 1321 543 1383 quae
571 1322 612 1366 ex
640 1322 674 1366 se
701 1309 792 1366 natos
819 1302 864 1366 ita
889 1307 997 1366 amant
1018 1301 1060 1365 ad
1082 1299 1175 1382 quod-

146 1404 219 1469 dam
243 1412 367 1490 tempus
390 1412 421 1470 θῖ
443 1407 484 1471 ab
508 1406 553 1470 eis
575 1406 622 1469 ita
637 1412 791 1486 amantur,
808 1412 842 1469 ut
864 1405 957 1469 facile
980 1425 1086 1470 earum
1109 1423 1176 1468 sen-

145 1528 198 1573 sus
229 1514 389 1592 appareat.
443 1508 534 1584 Quod
564 1509 597 1572 in
628 1508 755 1573 homine
785 1509 882 1575 multo
911 1514 959 1573 θεῖ
989 1507 1175 1587 evidentius,

145 1612 282 1695 primum
304 1631 344 1675 ex
368 1632 404 1676 ea
433 1612 571 1690 caritate,
596 1632 677 1694 quae
703 1618 752 1676 est
778 1611 860 1677 inter
887 1617 978 1675 natos
1007 1618 1039 1675 θῖ
1067 1630 1176 1694 paren-

146 1723 203 1794 tes,
227 1734 308 1796 quae
332 1714 436 1779 dirimi
457 1714 519 1780 nisi
543 1714 722 1779 detestabili
745 1715 862 1779 scelere
885 1735 949 1779 non
975 1720 1095 1797 potest;
1126 1713 1176 1779 de-

145 1817 220 1881 inde
242 1837 313 1881 curn
337 1817 447 1881 similis
471 1837 582 1882 sensus
605 1818 710 1882 extitit
732 1819 856 1897 amoris,
880 1818 906 1882 si
928 1818 1064 1898 aliquem
1091 1818 1176 1881 nacti

146 1940 263 2000 sumus,
286 1921 374 1986 cuius
401 1941 471 1985 cum
499 1921 637 1986 moribus
664 1928 695 1986 θῖ
717 1927 830 1985 natura
853 1941 1069 2004 congruamus,
1092 1920 1175 2002 quod

145 2023 178 2086 in
201 2043 239 2088 eo
262 2024 351 2104 quasi
374 2025 479 2088 lumen
506 2023 632 2105 aliquod
660 2024 825 2107 probitatis
852 2029 883 2088 et
910 2023 1032 2088 virtutis
1059 2024 1176 2107 perspi-

145 2145 216 2190 cere
242 2126 414 2193 videamur.
461 2126 548 2191 Nihil
571 2135 618 2192 est
640 2129 725 2192 enim
747 2129 869 2203 virtute.
888 2127 1064 2206 amabilius,
1087 2126 1226 2207 nihilne

86 2283 87 2286 ,
147 2227 231 2309 quod
253 2230 356 2313 magis
377 2229 507 2295 adliciat
529 2230 571 2294 ad
594 2230 798 2314 diligendum,
819 2230 935 2313 quippe
958 2250 1028 2294 cum
1050 2237 1176 2313 propter

145 2332 293 2396 virtutem
321 2338 352 2396 et
379 2333 566 2416 probitatem
594 2334 690 2399 etiam
718 2353 781 2414 eos,
806 2353 883 2414 quos
905 2353 1076 2414 numquam
1099 2334 1176 2398 vidi-

144 2455 224 2515 mus,
248 2433 384 2516 quodam
406 2434 498 2500 modo
522 2435 697 2519 diligamus.
730 2435 808 2511 Quis
831 2442 888 2516 est,
912 2437 965 2518 qui
988 2438 1023 2502 O.
1039 2437 1175 2519 Fabrici,

144 2536 196 2600 Μ’.
221 2537 295 2602 Curi
325 2559 388 2602 non
419 2558 490 2602 curu
521 2538 650 2604 caritate
680 2539 785 2620 aliqua
814 2540 961 2604 benivola
994 2539 1175 2605 memoriam

144 2647 282 2723 usurpet,
307 2660 385 2722 quos
414 2661 586 2723 numquam
616 2640 754 2707 viderit?
805 2641 882 2717 uuis
909 2648 1013 2706 autem
1041 2644 1175 2725 estqui

143 2742 349 2824 Tarquinium
379 2744 570 2827 Superbum,
601 2745 655 2827 qui
685 2745 738 2827 Sp.
763 2745 921 2826 Cassium,
951 2746 1004 2829 Sp.
1029 2747 1176 2810 Maelium

143 2864 207 2909 non
233 2845 358 2910 oderit?
404 2847 483 2912 Cum
506 2847 629 2912 duobus
652 2847 785 2914 ducibus
812 2848 851 2913 de
874 2849 1006 2932 imperio
1028 2850 1061 2913 in
1083 2850 1175 2914 Italia

144 2953 192 3012 θεῖ
214 2947 417 3033 decertatum,
441 2950 563 3033 Pyrrho
587 2960 618 3015 et
640 2951 835 3037 Hannibale3
866 2952 906 3016 ab
930 2954 1026 3017 altero
1049 2961 1176 3036 propter

143 3053 332 3135 probitatem
361 3054 428 3118 eius
455 3075 518 3119 non
546 3055 640 3119 nimis
662 3055 782 3120 alienos
804 3056 926 3120 animos
948 3055 1110 3137 habemus,
1134 3058 1175 3119 al-

144 3161 245 3218 terum
275 3163 402 3240 propter
433 3156 649 3222 crudelitatem
678 3178 802 3241 semper
828 3158 907 3222 baec
930 3158 1041 3224 civitas
1064 3159 1173 3224 oderit.

144 3254 235 3332 Quod
258 3259 284 3323 si
307 3266 394 3324 tanta
417 3261 466 3325 vis
488 3261 653 3346 probitatis
676 3268 733 3340 est,
750 3267 784 3325 ut
806 3282 876 3326 eam
896 3263 946 3326 vel
969 3262 1001 3325 in
1025 3263 1080 3343 eis,
1098 3284 1175 3345 quos

142 3381 315 3442 numquam
338 3363 483 3444 vidimus,
507 3365 567 3445 vel,
592 3364 675 3445 quod
697 3365 799 3429 maius
823 3372 879 3444 est,
903 3365 934 3428 in
963 3365 1052 3431 hoste
1081 3368 1174 3431 etiam

143 3462 321 3548 diligamus,
348 3455 424 3547 quid
446 3469 559 3532 mirum
583 3474 639 3548 est,
663 3468 690 3532 si
716 3469 814 3532 animi
840 3468 1001 3533 hominurn
1030 3491 1176 3535 movean-

141 3572 201 3647 tur,
224 3588 296 3632 cum
320 3590 436 3650 eorum,
461 3571 646 3652 quibuscum
674 3591 731 3636 usu
759 3572 916 3635 coniuncti
940 3592 1009 3637 esse
1032 3581 1173 3656 possunt,

142 3670 290 3739 virtutem
314 3677 345 3735 et
367 3673 540 3737 bonitatem
564 3674 742 3757 perspicere
761 3674 952 3739 videantur?
977 3674 1174 3758 Quamquam

142 3772 343 3838 confirmatur
365 3795 453 3840 amor
475 3784 507 3840 et
530 3776 683 3841 beneficio
698 3784 829 3861 accepto
845 3782 876 3841 et
891 3778 994 3843 studio
1009 3787 1174 3863 perspecto

1194 3240 1212 3290 il

1194 3312 1226 3357 20
