3026 4350
473 266 556 321 cnr.
570 269 679 323 rc-rs.
697 268 836 331 eoo-cs.
1128 247 1170 313 23

137 441 231 507 citiae
258 461 322 506 non
348 446 553 525 anteponant,
581 447 625 518 ut,
652 459 723 504 cum
751 459 792 504 ex
819 439 919 503 altera
946 444 1034 522 parte
1061 458 1170 522 propo·

136 545 197 608 sita
219 544 299 609 haec
320 544 392 626 sint,
424 562 465 608 ex
493 543 593 608 altera
620 542 670 607 ius
699 541 867 623 amicitiae,
897 562 961 607 non
991 542 1087 606 multo
1116 541 1171 605 illa

136 645 272 712 malint?
294 646 448 711 Inbecilla
469 647 553 710 enim
576 653 624 710 est
645 651 758 709 natura
779 643 823 709 ad
841 643 1103 710 contemnendam
1118 665 1170 728 po

135 750 286 834 tentiam;
318 769 412 830 quam
435 749 560 814 etiamsi
581 748 727 831 neglecta
751 748 892 812 amicitia
913 748 1074 813 consecuti
1097 748 1168 828 sint,

135 853 338 918 obscuratum
360 852 399 916 iri
424 852 625 931 arbitrantur,
649 850 724 932 quia
749 871 813 915 non
839 850 908 915 sine
934 869 1052 933 magna
1074 869 1170 915 cansa

135 955 176 1020 sit
198 955 345 1038 neglecta
366 954 512 1021 amicitia.
554 954 667 1036 Itaque
689 974 783 1018 verae
805 953 962 1017 amicitiae
984 951 1169 1017 difficillime
1187 963 1220 1011 64

134 1059 333 1143 reperiuntur
359 1058 393 1122 in
420 1057 468 1140 iis,
491 1057 546 1141 qui
572 1058 606 1121 in
633 1055 804 1123 honoribus
831 1075 928 1138 reque
954 1055 1081 1140 publica
1103 1074 1169 1119 ver-

60 1202 65 1207 =
135 1170 266 1246 santur3
301 1161 356 1227 ubi
385 1162 470 1226 enim
499 1162 593 1227 istum
623 1160 782 1242 invenias,
813 1159 867 1242 qui
896 1159 1045 1225 honorem
1074 1158 1169 1222 amici

134 1270 309 1348 anteponat
331 1263 409 1330 suo?
447 1262 552 1340 Quid?
582 1262 661 1329 haec
688 1270 723 1327 ut
749 1262 901 1344 omittam,
924 1283 1019 1346 quam
1044 1280 1169 1345 graves,

136 1387 231 1450 quam
248 1366 395 1432 difficiles
411 1367 568 1451 plerisque
587 1365 735 1431 videntur
751 1367 965 1432 calamitatum
986 1365 1167 1431 societates!

136 1469 177 1534 ad
201 1490 280 1553 quas
310 1490 374 1535 non
397 1477 445 1535 est
466 1469 560 1535 facile
586 1469 718 1534 inventu
741 1469 795 1551 qui
822 1467 1025 1534 descendant.
1056 1467 1169 1545 Quam·

137 1594 231 1657 quam
255 1574 376 1639 Ennius
398 1579 499 1638 recte:

179 1679 329 1743 Amicus
357 1683 482 1743 certus
508 1681 545 1742 in
572 1698 611 1742 re
637 1678 785 1742 incerta
811 1677 988 1757 cernitur,

137 1787 243 1846 tamen
272 1779 352 1845 haec
380 1778 442 1845 dno
468 1780 607 1845 levitatis
634 1787 666 1846 et
692 1779 882 1845 infirmitatis
909 1780 1073 1863 plerosque
1100 1798 1168 1844 con-

137 1884 277 1964 vincunt,
303 1889 359 1948 aut
383 1883 466 1950 siin
489 1883 581 1949 bonis
602 1883 697 1948 rebus
720 1888 924 1948 contemnunt
945 1888 999 1946 aut
1021 1882 1054 1945 in
1077 1883 1168 1948 malis

136 1986 294 2052 deserunt.
330 1983 391 2062 oui
413 1986 509 2070 igitur
529 1993 662 2068 utraque
685 1987 773 2051 inre
795 2006 936 2069 gravem,
960 1990 1167 2067 constantem,

136 2089 327 2155 stabilems
312 2109 346 2155 se
376 2090 410 2154 in
439 2089 578 2154 amicitia
607 2089 812 2174 praestiterit,
843 2088 928 2152 hunc
958 2108 999 2152 ex
1029 2089 1168 2153 maxime

135 2213 205 2258 raro
227 2212 346 2277 genere
368 2191 530 2258 bominum
553 2192 692 2258 iudicare
714 2192 867 2258 debemus
887 2199 918 2256 et
933 2211 1034 2276 paene
1049 2191 1219 2314 divino.18
1278 2180 1281 2187 ’

221 2296 416 2361 Firmament
403 2302 470 2361 tum
497 2303 603 2362 autem
630 2296 811 2362 stabilitatis
837 2295 1094 2377 constantiaeque
1121 2260 1219 2360 est18
1186 2334 1219 2382 ,5

136 2399 212 2481 eius,
236 2419 333 2482 quam
355 2399 388 2463 in
413 2399 552 2464 amicitia
576 2400 763 2481 quaerimus,
786 2397 882 2482 fides;
913 2397 991 2463 nihil
1013 2404 1061 2463 est
1083 2398 1167 2462 enim

135 2502 258 2584 stabile,
283 2500 367 2584 quod
389 2501 521 2567 infidum
544 2510 600 2567 est.
646 2502 827 2586 Simplioem
850 2507 1013 2584 praeterea
1035 2507 1066 2566 et
1089 2521 1168 2566 com-

134 2624 264 2669 munem
293 2611 325 2669 et
355 2606 612 2685 consentientem,
641 2604 675 2669 id
702 2611 750 2669 est
776 2604 831 2686 qui
857 2605 952 2668 rebus
978 2603 1079 2668 isdem
1106 2625 1168 2669 mo·

135 2715 256 2790 veatur,
280 2708 355 2792 eligi
377 2728 435 2792 par
464 2715 522 2790 est,
546 2728 626 2790 quae
652 2707 759 2773 omnia
775 2707 944 2792 ¹pertinent
970 2706 1012 2771 ad
1037 2706 1168 2771 fidelita-

135 2817 215 2895 tem,
244 2830 348 2893 nequo
375 2812 459 2876 enim
481 2810 579 2876 fidum
602 2816 705 2895 potest
728 2830 798 2876 esse
820 2811 984 2893 multiplex
1006 2810 1168 2894 ingenium

135 2920 167 2978 et
190 2920 373 2996 tortuosum,
397 2934 500 2997 neque
523 2935 608 2995 vero,
625 2916 678 2997 qui
701 2935 764 2979 non
787 2914 887 2980 isdem
910 2914 1003 2979 rebus
1025 2920 1169 2979 movetur

135 3024 311 3099 naturaque
339 3019 503 3099 consentit,
530 3026 585 3083 aut
612 3018 694 3083 fidus
723 3025 778 3083 aut
805 3018 927 3083 stabilis
956 3023 1058 3102 potest
1088 3038 1166 3083 esse.

134 3119 326 3186 Addendum
353 3120 465 3186 eodem
492 3129 549 3199 est,
577 3128 680 3187 utne
707 3121 889 3186 criminibus
915 3127 970 3184 aut
995 3119 1167 3185 inferendis

17 3230 18 3247 ¹
135 3223 309 3288 delectetur
334 3231 390 3288 aut
417 3223 526 3289 credat
552 3224 674 3306 oblatis,
703 3244 783 3306 qnae
811 3223 969 3308 pertinent
996 3224 1101 3288 omnia
1126 3224 1169 3287 ad

17 3336 18 3339 ’
135 3346 216 3408 eam,
241 3346 336 3409 quam
363 3328 426 3391 iam
454 3326 572 3392 dudum
596 3334 704 3409 tracte,
728 3326 945 3392 constantiam.
989 3326 1040 3391 Ita
1061 3326 1096 3390 fit
1118 3347 1168 3391 ve-

134 3450 204 3494 rum
231 3429 319 3512 illud,
343 3429 428 3513 quod
453 3430 543 3497 initio
572 3430 649 3511 dixi,
676 3430 847 3494 amicitiam
874 3430 936 3495 nisi
962 3430 1045 3494 inter
1070 3431 1169 3496 bonos

136 3553 205 3599 esse
229 3554 293 3599 non
316 3554 418 3618 posse.
464 3533 521 3598 Est
548 3535 632 3598 enim
659 3535 733 3599 boni
756 3534 825 3614 viri,
849 3553 942 3616 quem
966 3533 1099 3599 eundem
1122 3554 1169 3601 sa·

135 3637 276 3722 pientem
298 3637 372 3702 licet
394 3637 508 3718 dicere,
532 3636 612 3701 haec
637 3636 699 3704 duo
726 3644 835 3702 tenere
860 3638 895 3701 in
921 3637 1075 3702 amicitia:
1110 3639 1169 3723 pri-

135 3758 220 3804 mum
248 3739 389 3822 nequid
414 3738 521 3805 fiotum
549 3739 589 3805 sit
615 3759 696 3805 neve
723 3740 919 3825 simulatnm;
950 3747 1058 3824 aperte
1085 3742 1169 3807 enim

136 3842 187 3907 vol
208 3841 316 3908 odisse
337 3842 440 3927 magis
461 3842 593 3927 ingenui
615 3849 664 3908 ost
681 3861 777 3925 qnam
798 3841 901 3909 fronto
922 3843 1079 3911 occultare
1101 3863 1169 3910 sen·
