<?xml version="1.0" encoding="UTF-8"?>
<!DOCTYPE html PUBLIC "-//W3C//DTD XHTML 1.0 Transitional//EN"
    "http://www.w3.org/TR/xhtml1/DTD/xhtml1-transitional.dtd">
<html xmlns="http://www.w3.org/1999/xhtml" xml:lang="en" lang="en">
 <head>
  <title>
</title>
<meta http-equiv="Content-Type" content="text/html;charset=utf-8" />
  <meta name='ocr-system' content='tesseract 3.04.00' />
  <meta name='ocr-capabilities' content='ocr_page ocr_carea ocr_par ocr_line ocrx_word'/>
</head>
<body>
  <div class='ocr_page' id='page_1' title='image "./mtulliciceronis01schigoog_0035.png"; bbox 0 0 3026 4350; ppageno 0'>
   <div class='ocr_carea' id='block_1_1' title="bbox 277 106 1009 182">
    <p class='ocr_par' dir='ltr' id='par_1_1' title="bbox 277 106 1009 182">
     <span class='ocr_line' id='line_1_1' title="bbox 277 106 1009 182; baseline 0.007 -6"><span class='ocrx_word' id='word_1_1' title='bbox 277 106 298 176; x_wconf 82' lang='lat'>6</span> <span class='ocrx_word' id='word_1_2' title='bbox 492 176 494 179; x_wconf 84' lang='grc'>,</span> <span class='ocrx_word' id='word_1_3' title='bbox 577 123 737 182; x_wconf 79' lang='lat' dir='ltr'>nnnmus</span> <span class='ocrx_word' id='word_1_4' title='bbox 756 124 804 180; x_wconf 82' lang='lat' dir='ltr'>nn</span> <span class='ocrx_word' id='word_1_5' title='bbox 823 125 1009 181; x_wconf 80' lang='lat' dir='ltr'>nnrcmm.</span> 
     </span>
    </p>
   </div>
   <div class='ocr_carea' id='block_1_2' title="bbox 225 299 1310 3798">
    <p class='ocr_par' dir='ltr' id='par_1_2' title="bbox 277 299 1310 590">
     <span class='ocr_line' id='line_1_2' title="bbox 277 299 1310 383; baseline 0.003 -20"><span class='ocrx_word' id='word_1_6' title='bbox 277 299 358 364; x_wconf 92' lang='lat' dir='ltr'>ullus</span> <span class='ocrx_word' id='word_1_7' title='bbox 373 319 485 365; x_wconf 89' lang='lat' dir='ltr'>sensus</span> <span class='ocrx_word' id='word_1_8' title='bbox 503 305 640 383; x_wconf 83' lang='lat' dir='ltr'>maneat,</span> <span class='ocrx_word' id='word_1_9' title='bbox 655 305 690 364; x_wconf 94' lang='lat' dir='ltr'>ut</span> <span class='ocrx_word' id='word_1_10' title='bbox 712 299 791 363; x_wconf 90' lang='lat' dir='ltr'>nihil</span> <span class='ocrx_word' id='word_1_11' title='bbox 813 300 887 364; x_wconf 89' lang='lat' dir='ltr'>boni</span> <span class='ocrx_word' id='word_1_12' title='bbox 910 307 958 365; x_wconf 90' lang='lat' dir='ltr'>est</span> <span class='ocrx_word' id='word_1_13' title='bbox 981 300 1013 364; x_wconf 92' lang='lat' dir='ltr'>in</span> <span class='ocrx_word' id='word_1_14' title='bbox 1036 307 1145 381; x_wconf 88' lang='lat' dir='ltr'>morte,</span> <span class='ocrx_word' id='word_1_15' title='bbox 1161 301 1206 368; x_wconf 87' lang='lat' dir='ltr'>sic</span> <span class='ocrx_word' id='word_1_16' title='bbox 1227 307 1310 366; x_wconf 89' lang='lat' dir='ltr'>certe</span> 
     </span>
     <span class='ocr_line' id='line_1_3' title="bbox 277 403 1310 487; baseline 0 -19"><span class='ocrx_word' id='word_1_17' title='bbox 277 403 356 468; x_wconf 89' lang='lat' dir='ltr'>nihil</span> <span class='ocrx_word' id='word_1_18' title='bbox 371 403 462 487; x_wconf 88' lang='lat' dir='ltr'>mali;</span> <span class='ocrx_word' id='word_1_19' title='bbox 486 423 581 469; x_wconf 89' lang='lat' dir='ltr'>sensu</span> <span class='ocrx_word' id='word_1_20' title='bbox 604 403 689 469; x_wconf 92' lang='lat' dir='ltr'>cnim</span> <span class='ocrx_word' id='word_1_21' title='bbox 711 403 828 469; x_wconf 89' lang='lat' dir='ltr'>amisso</span> <span class='ocrx_word' id='word_1_22' title='bbox 850 403 886 467; x_wconf 92' lang='lat' dir='ltr'>lit</span> <span class='ocrx_word' id='word_1_23' title='bbox 908 403 1002 486; x_wconf 90' lang='lat' dir='ltr'>idem,</span> <span class='ocrx_word' id='word_1_24' title='bbox 1020 405 1109 486; x_wconf 82' lang='lat' dir='ltr'>quasi</span> <span class='ocrx_word' id='word_1_25' title='bbox 1131 412 1224 469; x_wconf 88' lang='lat' dir='ltr'>natus</span> <span class='ocrx_word' id='word_1_26' title='bbox 1246 424 1310 469; x_wconf 94' lang='lat' dir='ltr'>non</span> 
     </span>
     <span class='ocr_line' id='line_1_4' title="bbox 278 502 1310 590; baseline 0.001 -20"><span class='ocrx_word' id='word_1_27' title='bbox 278 512 361 572; x_wconf 87' lang='lat' dir='ltr'>esset</span> <span class='ocrx_word' id='word_1_28' title='bbox 380 502 517 587; x_wconf 88' lang='lat' dir='ltr'>omnino,</span> <span class='ocrx_word' id='word_1_29' title='bbox 533 526 627 589; x_wconf 89' lang='lat' dir='ltr'>quem</span> <span class='ocrx_word' id='word_1_30' title='bbox 648 513 756 571; x_wconf 90' lang='lat' dir='ltr'>tamen</span> <span class='ocrx_word' id='word_1_31' title='bbox 779 526 848 572; x_wconf 91' lang='lat' dir='ltr'>esse</span> <span class='ocrx_word' id='word_1_32' title='bbox 870 514 979 571; x_wconf 89' lang='lat' dir='ltr'>natum</span> <span class='ocrx_word' id='word_1_33' title='bbox 1003 514 1034 572; x_wconf 91' lang='lat' dir='ltr'>et</span> <span class='ocrx_word' id='word_1_34' title='bbox 1054 527 1114 572; x_wconf 91' lang='lat' dir='ltr'>nos</span> <span class='ocrx_word' id='word_1_35' title='bbox 1135 506 1310 590; x_wconf 81' lang='lat' dir='ltr'><strong>gaudemus</strong></span> 
     </span>
    </p>

    <p class='ocr_par' dir='ltr' id='par_1_3' title="bbox 228 608 1310 2244">
     <span class='ocr_line' id='line_1_5' title="bbox 228 608 1310 691; baseline 0.002 -19"><span class='ocrx_word' id='word_1_36' title='bbox 228 626 259 673; x_wconf 83' lang='lat'>15</span> <span class='ocrx_word' id='word_1_37' title='bbox 277 615 309 676; x_wconf 88' lang='lat' dir='ltr'>et</span> <span class='ocrx_word' id='word_1_38' title='bbox 331 609 411 674; x_wconf 87' lang='lat' dir='ltr'>haec</span> <span class='ocrx_word' id='word_1_39' title='bbox 431 609 553 691; x_wconf 88' lang='lat' dir='ltr'>civitas,</span> <span class='ocrx_word' id='word_1_40' title='bbox 573 609 648 673; x_wconf 93' lang='lat' dir='ltr'>dum</span> <span class='ocrx_word' id='word_1_41' title='bbox 671 610 933 690; x_wconf 83' lang='lat' dir='ltr'>e1·it,laetabitur.</span> <span class='ocrx_word' id='word_1_42' title='bbox 960 608 1062 686; x_wconf 77' lang='lat' dir='ltr'>Quam</span> <span class='ocrx_word' id='word_1_43' title='bbox 1085 611 1124 675; x_wconf 90' lang='lat' dir='ltr'>ob</span> <span class='ocrx_word' id='word_1_44' title='bbox 1148 631 1215 676; x_wconf 91' lang='lat' dir='ltr'>rem</span> <span class='ocrx_word' id='word_1_45' title='bbox 1238 630 1310 675; x_wconf 91' lang='lat' dir='ltr'>cum</span> 
     </span>
     <span class='ocr_line' id='line_1_6' title="bbox 276 711 1309 797; baseline -0.001 -20"><span class='ocrx_word' id='word_1_46' title='bbox 276 714 329 778; x_wconf 93' lang='lat' dir='ltr'>illo</span> <span class='ocrx_word' id='word_1_47' title='bbox 351 711 488 796; x_wconf 88' lang='lat' dir='ltr'>quidem,</span> <span class='ocrx_word' id='word_1_48' title='bbox 508 719 543 778; x_wconf 91' lang='lat' dir='ltr'>ut</span> <span class='ocrx_word' id='word_1_49' title='bbox 565 733 659 796; x_wconf 90' lang='lat' dir='ltr'>supra</span> <span class='ocrx_word' id='word_1_50' title='bbox 681 713 758 793; x_wconf 84' lang='lat' dir='ltr'>dixi,</span> <span class='ocrx_word' id='word_1_51' title='bbox 778 720 883 778; x_wconf 89' lang='lat' dir='ltr'>actum</span> <span class='ocrx_word' id='word_1_52' title='bbox 906 713 1024 797; x_wconf 87' lang='lat' dir='ltr'>optime</span> <span class='ocrx_word' id='word_1_53' title='bbox 1046 719 1104 795; x_wconf 87' lang='lat' dir='ltr'>cst,</span> <span class='ocrx_word' id='word_1_54' title='bbox 1119 733 1242 778; x_wconf 91' lang='lat' dir='ltr'>mecum</span> <span class='ocrx_word' id='word_1_55' title='bbox 1266 713 1309 776; x_wconf 90' lang='lat' dir='ltr'>in·</span> 
     </span>
     <span class='ocr_line' id='line_1_7' title="bbox 277 816 1308 902; baseline -0.003 -20"><span class='ocrx_word' id='word_1_56' title='bbox 277 816 479 898; x_wconf 80' lang='lat' dir='ltr'>commodius,</span> <span class='ocrx_word' id='word_1_57' title='bbox 513 837 605 899; x_wconf 89' lang='lat' dir='ltr'>quem</span> <span class='ocrx_word' id='word_1_58' title='bbox 635 816 737 881; x_wconf 86' lang='lat' dir='ltr'>fuerat</span> <span class='ocrx_word' id='word_1_59' title='bbox 766 817 907 899; x_wconf 75' lang='lat' dir='ltr'>aequior,</span> <span class='ocrx_word' id='word_1_60' title='bbox 938 823 972 881; x_wconf 88' lang='lat' dir='ltr'>ut</span> <span class='ocrx_word' id='word_1_61' title='bbox 1002 817 1089 902; x_wconf 91' lang='lat' dir='ltr'>prius</span> <span class='ocrx_word' id='word_1_62' title='bbox 1117 817 1308 897; x_wconf 86' lang='lat' dir='ltr'>introieram,</span> 
     </span>
     <span class='ocr_line' id='line_1_8' title="bbox 276 919 1309 1005; baseline -0.001 -20"><span class='ocrx_word' id='word_1_63' title='bbox 276 921 322 986; x_wconf 90' lang='lat' dir='ltr'>sie</span> <span class='ocrx_word' id='word_1_64' title='bbox 342 920 429 1005; x_wconf 92' lang='lat' dir='ltr'>prius</span> <span class='ocrx_word' id='word_1_65' title='bbox 452 920 539 985; x_wconf 88' lang='lat' dir='ltr'>exire</span> <span class='ocrx_word' id='word_1_66' title='bbox 562 919 602 985; x_wconf 91' lang='lat' dir='ltr'>de</span> <span class='ocrx_word' id='word_1_67' title='bbox 625 921 699 985; x_wconf 85' lang='lat' dir='ltr'>vita.</span> <span class='ocrx_word' id='word_1_68' title='bbox 728 919 793 986; x_wconf 89' lang='lat' dir='ltr'>Sed</span> <span class='ocrx_word' id='word_1_69' title='bbox 815 926 921 984; x_wconf 87' lang='lat' dir='ltr'>tamen</span> <span class='ocrx_word' id='word_1_70' title='bbox 944 919 1161 986; x_wconf 80' lang='lat' dir='ltr'>recordatione</span> <span class='ocrx_word' id='word_1_71' title='bbox 1183 927 1309 985; x_wconf 89' lang='lat' dir='ltr'>nostrae</span> 
     </span>
     <span class='ocr_line' id='line_1_9' title="bbox 275 1023 1309 1107; baseline -0.002 -19"><span class='ocrx_word' id='word_1_72' title='bbox 275 1024 433 1089; x_wconf 82' lang='lat' dir='ltr'>amicitiae</span> <span class='ocrx_word' id='word_1_73' title='bbox 462 1024 509 1088; x_wconf 92' lang='lat' dir='ltr'>sic</span> <span class='ocrx_word' id='word_1_74' title='bbox 538 1024 632 1105; x_wconf 85' lang='lat' dir='ltr'>fruor,</span> <span class='ocrx_word' id='word_1_75' title='bbox 655 1031 690 1088; x_wconf 89' lang='lat' dir='ltr'>ut</span> <span class='ocrx_word' id='word_1_76' title='bbox 719 1024 812 1089; x_wconf 87' lang='lat' dir='ltr'>beate</span> <span class='ocrx_word' id='word_1_77' title='bbox 841 1024 962 1089; x_wconf 83' lang='lat' dir='ltr'>vixisse</span> <span class='ocrx_word' id='word_1_78' title='bbox 991 1023 1110 1107; x_wconf 85' lang='lat' dir='ltr'>videar,</span> <span class='ocrx_word' id='word_1_79' title='bbox 1135 1024 1208 1106; x_wconf 88' lang='lat' dir='ltr'>quia</span> <span class='ocrx_word' id='word_1_80' title='bbox 1238 1043 1309 1087; x_wconf 91' lang='lat' dir='ltr'>eum</span> 
     </span>
     <span class='ocr_line' id='line_1_10' title="bbox 276 1124 1309 1210; baseline -0.004 -16"><span class='ocrx_word' id='word_1_81' title='bbox 276 1128 423 1210; x_wconf 80' lang='lat' dir='ltr'>Scipione</span> <span class='ocrx_word' id='word_1_82' title='bbox 452 1127 596 1207; x_wconf 83' lang='lat' dir='ltr'>vixerim,</span> <span class='ocrx_word' id='word_1_83' title='bbox 620 1147 753 1208; x_wconf 90' lang='lat' dir='ltr'>quocum</span> <span class='ocrx_word' id='word_1_84' title='bbox 783 1126 860 1190; x_wconf 92' lang='lat' dir='ltr'>mihi</span> <span class='ocrx_word' id='word_1_85' title='bbox 891 1127 1059 1192; x_wconf 87' lang='lat' dir='ltr'>coniuncta</span> <span class='ocrx_word' id='word_1_86' title='bbox 1088 1147 1163 1191; x_wconf 90' lang='lat' dir='ltr'>cura</span> <span class='ocrx_word' id='word_1_87' title='bbox 1188 1124 1228 1192; x_wconf 91' lang='lat' dir='ltr'>de</span> <span class='ocrx_word' id='word_1_88' title='bbox 1255 1146 1309 1210; x_wconf 94' lang='lat' dir='ltr'>pu·</span> 
     </span>
     <span class='ocr_line' id='line_1_11' title="bbox 275 1229 1308 1314; baseline -0.003 -19"><span class='ocrx_word' id='word_1_89' title='bbox 275 1232 358 1296; x_wconf 86' lang='lat' dir='ltr'>blica</span> <span class='ocrx_word' id='word_1_90' title='bbox 379 1252 414 1296; x_wconf 88' lang='lat' dir='ltr'>re</span> <span class='ocrx_word' id='word_1_91' title='bbox 436 1237 468 1294; x_wconf 89' lang='lat' dir='ltr'>et</span> <span class='ocrx_word' id='word_1_92' title='bbox 490 1229 530 1294; x_wconf 93' lang='lat' dir='ltr'>de</span> <span class='ocrx_word' id='word_1_93' title='bbox 549 1231 673 1314; x_wconf 87' lang='lat' dir='ltr'>privata</span> <span class='ocrx_word' id='word_1_94' title='bbox 688 1230 756 1310; x_wconf 87' lang='lat' dir='ltr'>fuit,</span> <span class='ocrx_word' id='word_1_95' title='bbox 773 1251 907 1313; x_wconf 85' lang='lat' dir='ltr'>quocum</span> <span class='ocrx_word' id='word_1_96' title='bbox 930 1237 962 1296; x_wconf 93' lang='lat' dir='ltr'>et</span> <span class='ocrx_word' id='word_1_97' title='bbox 984 1230 1096 1296; x_wconf 91' lang='lat' dir='ltr'>domus</span> <span class='ocrx_word' id='word_1_98' title='bbox 1118 1230 1178 1295; x_wconf 86' lang='lat' dir='ltr'>fuit</span> <span class='ocrx_word' id='word_1_99' title='bbox 1201 1236 1232 1295; x_wconf 90' lang='lat' dir='ltr'>et</span> <span class='ocrx_word' id='word_1_100' title='bbox 1254 1230 1308 1293; x_wconf 93' lang='lat' dir='ltr'>mi-</span> 
     </span>
     <span class='ocr_line' id='line_1_12' title="bbox 275 1333 1307 1415; baseline -0.001 -17"><span class='ocrx_word' id='word_1_101' title='bbox 275 1334 343 1398; x_wconf 86' lang='lat' dir='ltr'>litia</span> <span class='ocrx_word' id='word_1_102' title='bbox 372 1333 546 1398; x_wconf 90' lang='lat' dir='ltr'>communis</span> <span class='ocrx_word' id='word_1_103' title='bbox 577 1339 617 1414; x_wconf 90' lang='lat' dir='ltr'>et,</span> <span class='ocrx_word' id='word_1_104' title='bbox 648 1333 681 1396; x_wconf 93' lang='lat' dir='ltr'>id</span> <span class='ocrx_word' id='word_1_105' title='bbox 710 1334 743 1397; x_wconf 92' lang='lat' dir='ltr'>in</span> <span class='ocrx_word' id='word_1_106' title='bbox 772 1354 833 1415; x_wconf 91' lang='lat' dir='ltr'>quo</span> <span class='ocrx_word' id='word_1_107' title='bbox 863 1340 910 1398; x_wconf 90' lang='lat' dir='ltr'>est</span> <span class='ocrx_word' id='word_1_108' title='bbox 937 1334 1039 1399; x_wconf 89' lang='lat' dir='ltr'>omnis</span> <span class='ocrx_word' id='word_1_109' title='bbox 1065 1333 1114 1399; x_wconf 89' lang='lat' dir='ltr'>vis</span> <span class='ocrx_word' id='word_1_110' title='bbox 1140 1334 1307 1413; x_wconf 90' lang='lat' dir='ltr'>amicitiae,</span> 
     </span>
     <span class='ocr_line' id='line_1_13' title="bbox 276 1435 1306 1517; baseline 0 -17"><span class='ocrx_word' id='word_1_111' title='bbox 276 1437 482 1516; x_wconf 83' lang='lat' dir='ltr'>voluntatum,</span> <span class='ocrx_word' id='word_1_112' title='bbox 509 1435 693 1517; x_wconf 88' lang='lat' dir='ltr'>studiorum,</span> <span class='ocrx_word' id='word_1_113' title='bbox 724 1437 950 1501; x_wconf 88' lang='lat' dir='ltr'>sententiarum</span> <span class='ocrx_word' id='word_1_114' title='bbox 980 1457 1104 1502; x_wconf 89' lang='lat' dir='ltr'>summa</span> <span class='ocrx_word' id='word_1_115' title='bbox 1133 1436 1306 1502; x_wconf 92' lang='lat' dir='ltr'>consensio.</span> 
     </span>
     <span class='ocr_line' id='line_1_14' title="bbox 276 1539 1308 1623; baseline -0.001 -19"><span class='ocrx_word' id='word_1_116' title='bbox 276 1542 387 1621; x_wconf 87' lang='lat' dir='ltr'>Itaque</span> <span class='ocrx_word' id='word_1_117' title='bbox 410 1560 473 1605; x_wconf 91' lang='lat' dir='ltr'>non</span> <span class='ocrx_word' id='word_1_118' title='bbox 496 1545 561 1604; x_wconf 88' lang='lat' dir='ltr'>tam</span> <span class='ocrx_word' id='word_1_119' title='bbox 584 1540 645 1604; x_wconf 88' lang='lat' dir='ltr'>ista</span> <span class='ocrx_word' id='word_1_120' title='bbox 667 1561 718 1605; x_wconf 88' lang='lat' dir='ltr'>mc</span> <span class='ocrx_word' id='word_1_121' title='bbox 734 1540 918 1623; x_wconf 85' lang='lat' dir='ltr'>sapientiae,</span> <span class='ocrx_word' id='word_1_122' title='bbox 935 1562 1029 1623; x_wconf 85' lang='lat' dir='ltr'>quam</span> <span class='ocrx_word' id='word_1_123' title='bbox 1051 1540 1144 1605; x_wconf 90' lang='lat' dir='ltr'>modo</span> <span class='ocrx_word' id='word_1_124' title='bbox 1166 1539 1308 1604; x_wconf 85' lang='lat' dir='ltr'>Fannius</span> 
     </span>
     <span class='ocr_line' id='line_1_15' title="bbox 276 1641 1307 1728; baseline -0.003 -19"><span class='ocrx_word' id='word_1_125' title='bbox 276 1643 544 1724; x_wconf 89' lang='lat' dir='ltr'>commemoravit,</span> <span class='ocrx_word' id='word_1_126' title='bbox 575 1642 662 1707; x_wconf 83' lang='lat' dir='ltr'>fama</span> <span class='ocrx_word' id='word_1_127' title='bbox 692 1641 843 1724; x_wconf 88' lang='lat' dir='ltr'>delectat,</span> <span class='ocrx_word' id='word_1_128' title='bbox 875 1643 956 1708; x_wconf 86' lang='lat' dir='ltr'>falsa</span> <span class='ocrx_word' id='word_1_129' title='bbox 985 1643 1184 1728; x_wconf 88' lang='lat' dir='ltr'>praesertim,</span> <span class='ocrx_word' id='word_1_130' title='bbox 1214 1662 1307 1724; x_wconf 87' lang='lat' dir='ltr'>quam</span> 
     </span>
     <span class='ocr_line' id='line_1_16' title="bbox 276 1746 1307 1831; baseline 0 -21"><span class='ocrx_word' id='word_1_131' title='bbox 276 1746 360 1828; x_wconf 89' lang='lat' dir='ltr'>quod</span> <span class='ocrx_word' id='word_1_132' title='bbox 391 1746 548 1810; x_wconf 86' lang='lat' dir='ltr'>amicitiae</span> <span class='ocrx_word' id='word_1_133' title='bbox 582 1754 706 1811; x_wconf 87' lang='lat' dir='ltr'>nostrae</span> <span class='ocrx_word' id='word_1_134' title='bbox 740 1747 923 1811; x_wconf 88' lang='lat' dir='ltr'>memoriam</span> <span class='ocrx_word' id='word_1_135' title='bbox 956 1767 1048 1831; x_wconf 89' lang='lat' dir='ltr'>spero</span> <span class='ocrx_word' id='word_1_136' title='bbox 1085 1747 1307 1830; x_wconf 87' lang='lat' dir='ltr'>sempiternam</span> 
     </span>
     <span class='ocr_line' id='line_1_17' title="bbox 276 1848 1308 1934; baseline 0.001 -20"><span class='ocrx_word' id='word_1_137' title='bbox 276 1850 351 1929; x_wconf 86' lang='lat' dir='ltr'>fore,</span> <span class='ocrx_word' id='word_1_138' title='bbox 374 1848 468 1932; x_wconf 90' lang='lat' dir='ltr'>idque</span> <span class='ocrx_word' id='word_1_139' title='bbox 495 1870 532 1915; x_wconf 92' lang='lat' dir='ltr'>eo</span> <span class='ocrx_word' id='word_1_140' title='bbox 558 1850 635 1914; x_wconf 93' lang='lat' dir='ltr'>mihi</span> <span class='ocrx_word' id='word_1_141' title='bbox 662 1850 764 1934; x_wconf 85' lang='lat' dir='ltr'>magis</span> <span class='ocrx_word' id='word_1_142' title='bbox 792 1857 839 1916; x_wconf 90' lang='lat' dir='ltr'>est</span> <span class='ocrx_word' id='word_1_143' title='bbox 866 1850 962 1931; x_wconf 90' lang='lat' dir='ltr'>cordi,</span> <span class='ocrx_word' id='word_1_144' title='bbox 986 1850 1068 1932; x_wconf 91' lang='lat' dir='ltr'>quod</span> <span class='ocrx_word' id='word_1_145' title='bbox 1095 1870 1136 1914; x_wconf 90' lang='lat' dir='ltr'>ex</span> <span class='ocrx_word' id='word_1_146' title='bbox 1164 1850 1308 1915; x_wconf 89' lang='lat' dir='ltr'>omnibus</span> 
     </span>
     <span class='ocr_line' id='line_1_18' title="bbox 276 1954 1307 2038; baseline -0.002 -19"><span class='ocrx_word' id='word_1_147' title='bbox 276 1954 409 2019; x_wconf 90' lang='lat' dir='ltr'>saeculis</span> <span class='ocrx_word' id='word_1_148' title='bbox 434 1955 490 2018; x_wconf 89' lang='lat' dir='ltr'>vix</span> <span class='ocrx_word' id='word_1_149' title='bbox 517 1954 577 2018; x_wconf 88' lang='lat' dir='ltr'>tria</span> <span class='ocrx_word' id='word_1_150' title='bbox 602 1960 657 2017; x_wconf 86' lang='lat' dir='ltr'>aut</span> <span class='ocrx_word' id='word_1_151' title='bbox 684 1960 830 2037; x_wconf 88' lang='lat' dir='ltr'>quattuor</span> <span class='ocrx_word' id='word_1_152' title='bbox 855 1955 1057 2020; x_wconf 86' lang='lat' dir='ltr'>nominantur</span> <span class='ocrx_word' id='word_1_153' title='bbox 1082 1954 1171 2038; x_wconf 88' lang='lat' dir='ltr'>paria</span> <span class='ocrx_word' id='word_1_154' title='bbox 1196 1954 1307 2018; x_wconf 87' lang='lat' dir='ltr'>amico·</span> 
     </span>
     <span class='ocr_line' id='line_1_19' title="bbox 275 2057 1307 2142; baseline -0.001 -20"><span class='ocrx_word' id='word_1_155' title='bbox 275 2078 360 2141; x_wconf 71' lang='lat' dir='ltr'>rum,</span> <span class='ocrx_word' id='word_1_156' title='bbox 391 2078 453 2140; x_wconf 91' lang='lat' dir='ltr'>quo</span> <span class='ocrx_word' id='word_1_157' title='bbox 482 2058 515 2121; x_wconf 93' lang='lat' dir='ltr'>in</span> <span class='ocrx_word' id='word_1_158' title='bbox 545 2077 662 2141; x_wconf 85' lang='lat' dir='ltr'>genere</span> <span class='ocrx_word' id='word_1_159' title='bbox 692 2078 819 2142; x_wconf 87' lang='lat' dir='ltr'>sperare</span> <span class='ocrx_word' id='word_1_160' title='bbox 848 2058 957 2123; x_wconf 86' lang='lat' dir='ltr'>videor</span> <span class='ocrx_word' id='word_1_161' title='bbox 980 2058 1136 2141; x_wconf 85' lang='lat' dir='ltr'>Scipionis</span> <span class='ocrx_word' id='word_1_162' title='bbox 1162 2063 1194 2122; x_wconf 92' lang='lat' dir='ltr'>et</span> <span class='ocrx_word' id='word_1_163' title='bbox 1219 2057 1307 2122; x_wconf 87' lang='lat' dir='ltr'>Laeli</span> 
     </span>
     <span class='ocr_line' id='line_1_20' title="bbox 275 2161 870 2244; baseline 0 -19"><span class='ocrx_word' id='word_1_164' title='bbox 275 2161 445 2225; x_wconf 85' lang='lat' dir='ltr'>amicitiam</span> <span class='ocrx_word' id='word_1_165' title='bbox 467 2167 574 2227; x_wconf 89' lang='lat' dir='ltr'>notam</span> <span class='ocrx_word' id='word_1_166' title='bbox 597 2162 773 2244; x_wconf 88' lang='lat' dir='ltr'>posteritati</span> <span class='ocrx_word' id='word_1_167' title='bbox 796 2162 870 2227; x_wconf 85' lang='lat' dir='ltr'>fore.</span> 
     </span>
    </p>

    <p class='ocr_par' dir='ltr' id='par_1_4' title="bbox 227 2263 1307 2865">
     <span class='ocr_line' id='line_1_21' title="bbox 227 2263 1307 2347; baseline 0.001 -20"><span class='ocrx_word' id='word_1_168' title='bbox 227 2270 257 2317; x_wconf 80' lang='lat'>16</span> <span class='ocrx_word' id='word_1_169' title='bbox 361 2265 509 2329; x_wconf 75' lang='lat' dir='ltr'>Flusms.</span> <span class='ocrx_word' id='word_1_170' title='bbox 533 2266 619 2329; x_wconf 89' lang='lat' dir='ltr'>Istuc</span> <span class='ocrx_word' id='word_1_171' title='bbox 642 2264 779 2347; x_wconf 90' lang='lat' dir='ltr'>quidem,</span> <span class='ocrx_word' id='word_1_172' title='bbox 802 2265 901 2345; x_wconf 89' lang='lat' dir='ltr'>Laeli,</span> <span class='ocrx_word' id='word_1_173' title='bbox 923 2266 968 2329; x_wconf 89' lang='lat' dir='ltr'>ita</span> <span class='ocrx_word' id='word_1_174' title='bbox 990 2284 1120 2331; x_wconf 89' lang='lat' dir='ltr'>necesse</span> <span class='ocrx_word' id='word_1_175' title='bbox 1143 2272 1199 2330; x_wconf 88' lang='lat' dir='ltr'>est.</span> <span class='ocrx_word' id='word_1_176' title='bbox 1243 2263 1307 2330; x_wconf 85' lang='lat' dir='ltr'>Sed</span> 
     </span>
     <span class='ocr_line' id='line_1_22' title="bbox 276 2361 1307 2451; baseline 0 -20"><span class='ocrx_word' id='word_1_177' title='bbox 276 2367 422 2450; x_wconf 89' lang='lat' dir='ltr'>quoniam</span> <span class='ocrx_word' id='word_1_178' title='bbox 445 2368 604 2432; x_wconf 89' lang='lat' dir='ltr'>amicitiae</span> <span class='ocrx_word' id='word_1_179' title='bbox 626 2369 817 2435; x_wconf 91' lang='lat' dir='ltr'>mentionem</span> <span class='ocrx_word' id='word_1_180' title='bbox 837 2369 939 2433; x_wconf 87' lang='lat' dir='ltr'>fecisti</span> <span class='ocrx_word' id='word_1_181' title='bbox 956 2375 988 2432; x_wconf 89' lang='lat' dir='ltr'>et</span> <span class='ocrx_word' id='word_1_182' title='bbox 1002 2388 1109 2434; x_wconf 91' lang='lat' dir='ltr'>sumus</span> <span class='ocrx_word' id='word_1_183' title='bbox 1124 2368 1224 2451; x_wconf 84' lang='lat' dir='ltr'>otiosi,</span> <span class='ocrx_word' id='word_1_184' title='bbox 1239 2361 1307 2451; x_wconf 54' lang='lat' dir='ltr'>‘pcr-</span> 
     </span>
     <span class='ocr_line' id='line_1_23' title="bbox 275 2470 1307 2555; baseline 0 -21"><span class='ocrx_word' id='word_1_185' title='bbox 275 2478 398 2553; x_wconf 79' lang='lat' dir='ltr'>gratum</span> <span class='ocrx_word' id='word_1_186' title='bbox 424 2470 501 2534; x_wconf 92' lang='lat' dir='ltr'>milri</span> <span class='ocrx_word' id='word_1_187' title='bbox 524 2470 648 2552; x_wconf 88' lang='lat' dir='ltr'>feceris,</span> <span class='ocrx_word' id='word_1_188' title='bbox 671 2492 762 2555; x_wconf 90' lang='lat' dir='ltr'>spero</span> <span class='ocrx_word' id='word_1_189' title='bbox 784 2472 860 2536; x_wconf 90' lang='lat' dir='ltr'>item</span> <span class='ocrx_word' id='word_1_190' title='bbox 883 2472 1065 2552; x_wconf 87' lang='lat' dir='ltr'>Scaevolae,</span> <span class='ocrx_word' id='word_1_191' title='bbox 1089 2472 1125 2553; x_wconf 91' lang='lat' dir='ltr'>si,</span> <span class='ocrx_word' id='word_1_192' title='bbox 1150 2470 1307 2554; x_wconf 89' lang='lat' dir='ltr'>quemad</span> 
     </span>
     <span class='ocr_line' id='line_1_24' title="bbox 275 2572 1306 2656; baseline 0.001 -20"><span class='ocrx_word' id='word_1_193' title='bbox 275 2572 402 2637; x_wconf 90' lang='lat' dir='ltr'>modum</span> <span class='ocrx_word' id='word_1_194' title='bbox 432 2574 514 2639; x_wconf 93' lang='lat' dir='ltr'>soles</span> <span class='ocrx_word' id='word_1_195' title='bbox 545 2572 584 2638; x_wconf 90' lang='lat' dir='ltr'>de</span> <span class='ocrx_word' id='word_1_196' title='bbox 618 2575 730 2639; x_wconf 91' lang='lat' dir='ltr'>ceteris</span> <span class='ocrx_word' id='word_1_197' title='bbox 759 2575 863 2655; x_wconf 90' lang='lat' dir='ltr'>rebus,</span> <span class='ocrx_word' id='word_1_198' title='bbox 887 2594 957 2639; x_wconf 92' lang='lat' dir='ltr'>cum</span> <span class='ocrx_word' id='word_1_199' title='bbox 986 2594 1025 2639; x_wconf 93' lang='lat' dir='ltr'>ex</span> <span class='ocrx_word' id='word_1_200' title='bbox 1052 2581 1084 2639; x_wconf 93' lang='lat' dir='ltr'>te</span> <span class='ocrx_word' id='word_1_201' title='bbox 1107 2579 1306 2656; x_wconf 86' lang='lat' dir='ltr'>quaeruntur,</span> 
     </span>
     <span class='ocr_line' id='line_1_25' title="bbox 275 2676 1307 2762; baseline -0.002 -20"><span class='ocrx_word' id='word_1_202' title='bbox 275 2678 321 2742; x_wconf 91' lang='lat' dir='ltr'>sic</span> <span class='ocrx_word' id='word_1_203' title='bbox 350 2676 390 2742; x_wconf 92' lang='lat' dir='ltr'>de</span> <span class='ocrx_word' id='word_1_204' title='bbox 420 2677 558 2741; x_wconf 91' lang='lat' dir='ltr'>amicitia</span> <span class='ocrx_word' id='word_1_205' title='bbox 587 2677 766 2762; x_wconf 89' lang='lat' dir='ltr'>disputaris,</span> <span class='ocrx_word' id='word_1_206' title='bbox 790 2677 866 2760; x_wconf 90' lang='lat' dir='ltr'>quid</span> <span class='ocrx_word' id='word_1_207' title='bbox 896 2679 1024 2759; x_wconf 88' lang='lat' dir='ltr'>sentias,</span> <span class='ocrx_word' id='word_1_208' title='bbox 1048 2679 1172 2760; x_wconf 89' lang='lat' dir='ltr'>qualem</span> <span class='ocrx_word' id='word_1_209' title='bbox 1203 2677 1307 2742; x_wconf 88' lang='lat' dir='ltr'>existi-</span> 
     </span>
     <span class='ocr_line' id='line_1_26' title="bbox 274 2781 737 2865; baseline 0.004 -22"><span class='ocrx_word' id='word_1_210' title='bbox 274 2801 352 2863; x_wconf 91' lang='lat' dir='ltr'>mes,</span> <span class='ocrx_word' id='word_1_211' title='bbox 375 2801 456 2863; x_wconf 86' lang='lat' dir='ltr'>quae</span> <span class='ocrx_word' id='word_1_212' title='bbox 479 2786 649 2865; x_wconf 87' lang='lat' dir='ltr'>praecepta</span> <span class='ocrx_word' id='word_1_213' title='bbox 671 2781 737 2845; x_wconf 91' lang='lat' dir='ltr'>des.</span> 
     </span>
    </p>

    <p class='ocr_par' dir='ltr' id='par_1_5' title="bbox 274 2884 1307 3174">
     <span class='ocr_line' id='line_1_27' title="bbox 361 2884 1307 2969; baseline -0.001 -19"><span class='ocrx_word' id='word_1_214' title='bbox 361 2885 535 2950; x_wconf 78' lang='lat' dir='ltr'>Scsnvons.</span> <span class='ocrx_word' id='word_1_215' title='bbox 581 2884 659 2948; x_wconf 90' lang='lat' dir='ltr'>Mihi</span> <span class='ocrx_word' id='word_1_216' title='bbox 685 2905 760 2950; x_wconf 87' lang='lat' dir='ltr'>vero</span> <span class='ocrx_word' id='word_1_217' title='bbox 787 2885 846 2950; x_wconf 87' lang='lat' dir='ltr'>crit</span> <span class='ocrx_word' id='word_1_218' title='bbox 871 2894 1005 2969; x_wconf 84' lang='lat' dir='ltr'>gratum,</span> <span class='ocrx_word' id='word_1_219' title='bbox 1028 2893 1124 2968; x_wconf 90' lang='lat' dir='ltr'>atque</span> <span class='ocrx_word' id='word_1_220' title='bbox 1149 2885 1183 2949; x_wconf 95' lang='lat' dir='ltr'>id</span> <span class='ocrx_word' id='word_1_221' title='bbox 1204 2885 1307 2969; x_wconf 91' lang='lat' dir='ltr'>ipsum</span> 
     </span>
     <span class='ocr_line' id='line_1_28' title="bbox 275 2973 1306 3071; baseline 0.003 -21"><span class='ocrx_word' id='word_1_222' title='bbox 275 3006 345 3050; x_wconf 92' lang='lat' dir='ltr'>cum</span> <span class='ocrx_word' id='word_1_223' title='bbox 368 2973 472 3051; x_wconf 87' lang='lat' dir='ltr'>tecum</span> <span class='ocrx_word' id='word_1_224' title='bbox 496 3006 592 3071; x_wconf 83' lang='lat' dir='ltr'>agere</span> <span class='ocrx_word' id='word_1_225' title='bbox 615 3007 753 3068; x_wconf 83' lang='lat' dir='ltr'>conarer,</span> <span class='ocrx_word' id='word_1_226' title='bbox 776 2988 918 3054; x_wconf 87' lang='lat' dir='ltr'>Fannius</span> <span class='ocrx_word' id='word_1_227' title='bbox 940 2988 1117 3052; x_wconf 87' lang='lat' dir='ltr'>antevertit.</span> <span class='ocrx_word' id='word_1_228' title='bbox 1142 2986 1244 3065; x_wconf 81' lang='lat' dir='ltr'>Quam</span> <span class='ocrx_word' id='word_1_229' title='bbox 1266 2989 1306 3053; x_wconf 93' lang='lat' dir='ltr'>ob</span> 
     </span>
     <span class='ocr_line' id='line_1_29' title="bbox 274 3089 1132 3174; baseline 0.003 -23"><span class='ocrx_word' id='word_1_230' title='bbox 274 3110 340 3153; x_wconf 90' lang='lat' dir='ltr'>rem</span> <span class='ocrx_word' id='word_1_231' title='bbox 363 3090 486 3172; x_wconf 87' lang='lat' dir='ltr'>utrique</span> <span class='ocrx_word' id='word_1_232' title='bbox 509 3097 650 3155; x_wconf 90' lang='lat' dir='ltr'>nostrum</span> <span class='ocrx_word' id='word_1_233' title='bbox 673 3098 796 3174; x_wconf 82' lang='lat' dir='ltr'>gratnm</span> <span class='ocrx_word' id='word_1_234' title='bbox 819 3089 989 3155; x_wconf 89' lang='lat' dir='ltr'>admodum</span> <span class='ocrx_word' id='word_1_235' title='bbox 1011 3090 1132 3156; x_wconf 86' lang='lat' dir='ltr'>feceris.</span> 
     </span>
    </p>

    <p class='ocr_par' dir='ltr' id='par_1_6' title="bbox 225 3157 1307 3277">
     <span class='ocr_line' id='line_1_30' title="bbox 225 3157 1307 3277; baseline 0.001 -19"><span class='ocrx_word' id='word_1_236' title='bbox 225 3157 256 3275; x_wconf 55' lang='lat'>1⁵}</span> <span class='ocrx_word' id='word_1_237' title='bbox 360 3194 507 3258; x_wconf 77' lang='lat' dir='ltr'>Lsnnms.</span> <span class='ocrx_word' id='word_1_238' title='bbox 540 3193 609 3277; x_wconf 80' lang='lat' dir='ltr'>Ego</span> <span class='ocrx_word' id='word_1_239' title='bbox 632 3214 706 3258; x_wconf 86' lang='lat' dir='ltr'>vero</span> <span class='ocrx_word' id='word_1_240' title='bbox 729 3214 793 3258; x_wconf 96' lang='lat' dir='ltr'>non</span> <span class='ocrx_word' id='word_1_241' title='bbox 815 3214 973 3276; x_wconf 82' lang='lat' dir='ltr'>gravarer,</span> <span class='ocrx_word' id='word_1_242' title='bbox 997 3194 1024 3258; x_wconf 90' lang='lat' dir='ltr'>si</span> <span class='ocrx_word' id='word_1_243' title='bbox 1045 3193 1123 3258; x_wconf 91' lang='lat' dir='ltr'>mihi</span> <span class='ocrx_word' id='word_1_244' title='bbox 1144 3193 1214 3277; x_wconf 92' lang='lat' dir='ltr'>ipse</span> <span class='ocrx_word' id='word_1_245' title='bbox 1236 3213 1307 3259; x_wconf 90' lang='lat' dir='ltr'>con-</span> 
     </span>
    </p>

    <p class='ocr_par' dir='ltr' id='par_1_7' title="bbox 243 3294 1307 3798">
     <span class='ocr_line' id='line_1_31' title="bbox 243 3294 1307 3382; baseline 0.003 -24"><span class='ocrx_word' id='word_1_246' title='bbox 243 3342 246 3347; x_wconf 71' lang='lat'><strong>·</strong></span> <span class='ocrx_word' id='word_1_247' title='bbox 273 3294 420 3380; x_wconf 69' lang='lat' dir='ltr'>fiderem,</span> <span class='ocrx_word' id='word_1_248' title='bbox 451 3317 526 3361; x_wconf 87' lang='lat' dir='ltr'>narn</span> <span class='ocrx_word' id='word_1_249' title='bbox 557 3303 588 3361; x_wconf 90' lang='lat' dir='ltr'>ct</span> <span class='ocrx_word' id='word_1_250' title='bbox 617 3297 780 3382; x_wconf 89' lang='lat' dir='ltr'>praeclara</span> <span class='ocrx_word' id='word_1_251' title='bbox 808 3317 858 3362; x_wconf 88' lang='lat' dir='ltr'>res</span> <span class='ocrx_word' id='word_1_252' title='bbox 889 3305 937 3362; x_wconf 90' lang='lat' dir='ltr'>est</span> <span class='ocrx_word' id='word_1_253' title='bbox 966 3303 997 3362; x_wconf 90' lang='lat' dir='ltr'>ct</span> <span class='ocrx_word' id='word_1_254' title='bbox 1027 3317 1142 3378; x_wconf 92' lang='lat' dir='ltr'>sumus,</span> <span class='ocrx_word' id='word_1_255' title='bbox 1166 3304 1200 3361; x_wconf 89' lang='lat' dir='ltr'>ut</span> <span class='ocrx_word' id='word_1_256' title='bbox 1226 3297 1307 3361; x_wconf 84' lang='lat' dir='ltr'>dixit</span> 
     </span>
     <span class='ocr_line' id='line_1_32' title="bbox 273 3399 1306 3484; baseline 0.002 -21"><span class='ocrx_word' id='word_1_257' title='bbox 273 3399 423 3480; x_wconf 82' lang='lat' dir='ltr'>Fannius,</span> <span class='ocrx_word' id='word_1_258' title='bbox 440 3400 539 3466; x_wconf 86' lang='lat' dir='ltr'>otiosi.</span> <span class='ocrx_word' id='word_1_259' title='bbox 570 3400 635 3467; x_wconf 93' lang='lat' dir='ltr'>Sed</span> <span class='ocrx_word' id='word_1_260' title='bbox 657 3401 728 3482; x_wconf 91' lang='lat' dir='ltr'>quis</span> <span class='ocrx_word' id='word_1_261' title='bbox 750 3421 809 3484; x_wconf 81' lang='lat' dir='ltr'>ego</span> <span class='ocrx_word' id='word_1_262' title='bbox 833 3402 926 3467; x_wconf 85' lang='lat' dir='ltr'>sum?</span> <span class='ocrx_word' id='word_1_263' title='bbox 949 3407 1004 3466; x_wconf 87' lang='lat' dir='ltr'>aut</span> <span class='ocrx_word' id='word_1_264' title='bbox 1027 3421 1108 3484; x_wconf 91' lang='lat' dir='ltr'>quae</span> <span class='ocrx_word' id='word_1_265' title='bbox 1130 3401 1233 3466; x_wconf 87' lang='lat' dir='ltr'>estin</span> <span class='ocrx_word' id='word_1_266' title='bbox 1255 3420 1306 3465; x_wconf 92' lang='lat' dir='ltr'>me</span> 
     </span>
     <span class='ocr_line' id='line_1_33' title="bbox 273 3501 1306 3587; baseline 0.004 -22"><span class='ocrx_word' id='word_1_267' title='bbox 273 3501 431 3569; x_wconf 80' lang='lat' dir='ltr'>facultas?</span> <span class='ocrx_word' id='word_1_268' title='bbox 475 3504 645 3569; x_wconf 89' lang='lat' dir='ltr'>Doctorum</span> <span class='ocrx_word' id='word_1_269' title='bbox 669 3509 718 3569; x_wconf 90' lang='lat' dir='ltr'>est</span> <span class='ocrx_word' id='word_1_270' title='bbox 740 3506 801 3568; x_wconf 89' lang='lat' dir='ltr'>ista</span> <span class='ocrx_word' id='word_1_271' title='bbox 827 3505 1029 3586; x_wconf 87' lang='lat' dir='ltr'>consuetudo,</span> <span class='ocrx_word' id='word_1_272' title='bbox 1053 3525 1153 3587; x_wconf 89' lang='lat' dir='ltr'>eaque</span> <span class='ocrx_word' id='word_1_273' title='bbox 1175 3504 1306 3570; x_wconf 82' lang='lat' dir='ltr'>Graeco-</span> 
     </span>
     <span class='ocr_line' id='line_1_34' title="bbox 272 3606 1304 3692; baseline 0.002 -22"><span class='ocrx_word' id='word_1_274' title='bbox 272 3625 351 3687; x_wconf 92' lang='lat' dir='ltr'>rum,</span> <span class='ocrx_word' id='word_1_275' title='bbox 374 3612 409 3670; x_wconf 89' lang='lat' dir='ltr'>ut</span> <span class='ocrx_word' id='word_1_276' title='bbox 430 3607 469 3673; x_wconf 89' lang='lat' dir='ltr'>iis</span> <span class='ocrx_word' id='word_1_277' title='bbox 490 3614 634 3692; x_wconf 84' lang='lat' dir='ltr'>ponatur,</span> <span class='ocrx_word' id='word_1_278' title='bbox 659 3606 699 3672; x_wconf 95' lang='lat' dir='ltr'>de</span> <span class='ocrx_word' id='word_1_279' title='bbox 729 3627 789 3689; x_wconf 93' lang='lat' dir='ltr'>quo</span> <span class='ocrx_word' id='word_1_280' title='bbox 819 3607 981 3692; x_wconf 88' lang='lat' dir='ltr'>disputent</span> <span class='ocrx_word' id='word_1_281' title='bbox 1011 3608 1153 3692; x_wconf 89' lang='lat' dir='ltr'>quamvis</span> <span class='ocrx_word' id='word_1_282' title='bbox 1184 3607 1304 3691; x_wconf 89' lang='lat' dir='ltr'>subito;</span> 
     </span>
     <span class='ocr_line' id='line_1_35' title="bbox 272 3710 1305 3798; baseline 0.002 -26"><span class='ocrx_word' id='word_1_283' title='bbox 272 3728 423 3793; x_wconf 85' lang='lat' dir='ltr'>magnum</span> <span class='ocrx_word' id='word_1_284' title='bbox 439 3732 518 3795; x_wconf 88' lang='lat' dir='ltr'>opus</span> <span class='ocrx_word' id='word_1_285' title='bbox 534 3718 583 3775; x_wconf 91' lang='lat' dir='ltr'>est</span> <span class='ocrx_word' id='word_1_286' title='bbox 598 3717 731 3795; x_wconf 84' lang='lat' dir='ltr'>egetque</span> <span class='ocrx_word' id='word_1_287' title='bbox 747 3711 970 3788; x_wconf 87' lang='lat' dir='ltr'>exercitatione</span> <span class='ocrx_word' id='word_1_288' title='bbox 986 3733 1049 3776; x_wconf 89' lang='lat' dir='ltr'>non</span> <span class='ocrx_word' id='word_1_289' title='bbox 1064 3733 1172 3798; x_wconf 86' lang='lat' dir='ltr'>parva.</span> <span class='ocrx_word' id='word_1_290' title='bbox 1202 3710 1305 3787; x_wconf 79' lang='lat' dir='ltr'>Quam</span> 
     </span>
    </p>
   </div>
   <div class='ocr_carea' id='block_1_3' title="bbox 0 0 1518 4350">
    <p class='ocr_par' dir='ltr' id='par_1_8' title="bbox 0 0 1518 4350">
     <span class='ocr_line' id='line_1_36' title="bbox 0 0 1518 4350; baseline 0 1"><span class='ocrx_word' id='word_1_291' title='bbox 0 0 1518 4350; x_wconf 95' lang='lat' dir='ltr'> </span> 
     </span>
    </p>
   </div>
  </div>
 </body>
</html>
