<?xml version="1.0" encoding="UTF-8"?>
<!DOCTYPE html PUBLIC "-//W3C//DTD XHTML 1.0 Transitional//EN"
    "http://www.w3.org/TR/xhtml1/DTD/xhtml1-transitional.dtd">
<html xmlns="http://www.w3.org/1999/xhtml" xml:lang="en" lang="en">
 <head>
  <title>
</title>
<meta http-equiv="Content-Type" content="text/html;charset=utf-8" />
  <meta name='ocr-system' content='tesseract 3.04.00' />
  <meta name='ocr-capabilities' content='ocr_page ocr_carea ocr_par ocr_line ocrx_word'/>
</head>
<body>
  <div class='ocr_page' id='page_1' title='image "./mtulliciceronis01schigoog_0053.png"; bbox 0 0 3026 4350; ppageno 0'>
   <div class='ocr_carea' id='block_1_1' title="bbox 345 233 1074 306">
    <p class='ocr_par' dir='ltr' id='par_1_1' title="bbox 345 233 1074 306">
     <span class='ocr_line' id='line_1_1' title="bbox 345 233 1074 306; baseline 0.014 -10"><span class='ocrx_word' id='word_1_1' title='bbox 345 233 387 297; x_wconf 78' lang='grc'>24</span> <span class='ocrx_word' id='word_1_2' title='bbox 405 240 406 243; x_wconf 63' lang='grc'>’</span> <span class='ocrx_word' id='word_1_3' title='bbox 623 245 627 252; x_wconf 78' lang='grc'><strong>’</strong></span> <span class='ocrx_word' id='word_1_4' title='bbox 645 248 804 305; x_wconf 83' lang='lat' dir='ltr'>LAELIUS</span> <span class='ocrx_word' id='word_1_5' title='bbox 820 249 871 303; x_wconf 84' lang='lat' dir='ltr'>DE</span> <span class='ocrx_word' id='word_1_6' title='bbox 889 250 1074 306; x_wconf 77' lang='lat' dir='ltr'>AMICITIA.</span> 
     </span>
    </p>
   </div>
   <div class='ocr_carea' id='block_1_2' title="bbox 285 421 1439 3891">
    <p class='ocr_par' dir='ltr' id='par_1_2' title="bbox 343 421 1372 713">
     <span class='ocr_line' id='line_1_2' title="bbox 344 421 1372 507; baseline 0.004 -20"><span class='ocrx_word' id='word_1_7' title='bbox 344 423 491 507; x_wconf 71' lang='lat' dir='ltr'>tentiam,</span> <span class='ocrx_word' id='word_1_8' title='bbox 522 421 637 488; x_wconf 90' lang='lat' dir='ltr'>deiude</span> <span class='ocrx_word' id='word_1_9' title='bbox 666 443 729 487; x_wconf 92' lang='lat' dir='ltr'>non</span> <span class='ocrx_word' id='word_1_10' title='bbox 760 423 859 487; x_wconf 90' lang='lat' dir='ltr'>solum</span> <span class='ocrx_word' id='word_1_11' title='bbox 884 423 926 488; x_wconf 91' lang='lat' dir='ltr'>ab</span> <span class='ocrx_word' id='word_1_12' title='bbox 952 424 1057 506; x_wconf 89' lang='lat' dir='ltr'>aliquo</span> <span class='ocrx_word' id='word_1_13' title='bbox 1084 424 1206 490; x_wconf 86' lang='lat' dir='ltr'>adlatas</span> <span class='ocrx_word' id='word_1_14' title='bbox 1229 425 1372 491; x_wconf 88' lang='lat' dir='ltr'>crimina-</span> 
     </span>
     <span class='ocr_line' id='line_1_3' title="bbox 343 525 1372 612; baseline 0.003 -23"><span class='ocrx_word' id='word_1_15' title='bbox 343 526 445 591; x_wconf 82' lang='lat' dir='ltr'>tiones</span> <span class='ocrx_word' id='word_1_16' title='bbox 471 526 631 610; x_wconf 82' lang='lat' dir='ltr'>repellere,</span> <span class='ocrx_word' id='word_1_17' title='bbox 655 525 711 589; x_wconf 90' lang='lat' dir='ltr'>sed</span> <span class='ocrx_word' id='word_1_18' title='bbox 734 545 773 589; x_wconf 92' lang='lat' dir='ltr'>ue</span> <span class='ocrx_word' id='word_1_19' title='bbox 795 526 897 609; x_wconf 90' lang='lat' dir='ltr'>ipsum</span> <span class='ocrx_word' id='word_1_20' title='bbox 921 525 1047 608; x_wconf 90' lang='lat' dir='ltr'>quidem</span> <span class='ocrx_word' id='word_1_21' title='bbox 1070 547 1139 592; x_wconf 88' lang='lat' dir='ltr'>esse</span> <span class='ocrx_word' id='word_1_22' title='bbox 1161 529 1372 612; x_wconf 89' lang='lat' dir='ltr'>suspiciosum</span> 
     </span>
     <span class='ocr_line' id='line_1_4' title="bbox 343 626 1369 713; baseline 0.003 -21"><span class='ocrx_word' id='word_1_23' title='bbox 343 648 468 713; x_wconf 85' lang='lat' dir='ltr'>semper</span> <span class='ocrx_word' id='word_1_24' title='bbox 495 626 615 709; x_wconf 92' lang='lat' dir='ltr'>aliquid</span> <span class='ocrx_word' id='word_1_25' title='bbox 645 628 878 693; x_wconf 82' lang='lat' dir='ltr'>existimantem</span> <span class='ocrx_word' id='word_1_26' title='bbox 907 629 947 694; x_wconf 88' lang='lat' dir='ltr'>ab</span> <span class='ocrx_word' id='word_1_27' title='bbox 977 630 1079 695; x_wconf 91' lang='lat' dir='ltr'>amico</span> <span class='ocrx_word' id='word_1_28' title='bbox 1108 650 1177 695; x_wconf 88' lang='lat' dir='ltr'>esse</span> <span class='ocrx_word' id='word_1_29' title='bbox 1207 631 1369 696; x_wconf 89' lang='lat' dir='ltr'>violatum.</span> 
     </span>
    </p>

    <p class='ocr_par' dir='ltr' id='par_1_3' title="bbox 292 730 1372 1328">
     <span class='ocr_line' id='line_1_5' title="bbox 292 730 1372 816; baseline 0.001 -19"><span class='ocrx_word' id='word_1_30' title='bbox 292 749 325 797; x_wconf 84' lang='lat' dir='ltr'>oo</span> <span class='ocrx_word' id='word_1_31' title='bbox 343 731 483 796; x_wconf 85' lang='lat' dir='ltr'>Accedat</span> <span class='ocrx_word' id='word_1_32' title='bbox 505 730 566 795; x_wconf 92' lang='lat' dir='ltr'>huc</span> <span class='ocrx_word' id='word_1_33' title='bbox 588 731 727 795; x_wconf 88' lang='lat' dir='ltr'>suavitas</span> <span class='ocrx_word' id='word_1_34' title='bbox 750 730 906 813; x_wconf 88' lang='lat' dir='ltr'>quaedam</span> <span class='ocrx_word' id='word_1_35' title='bbox 928 738 1053 815; x_wconf 86' lang='lat' dir='ltr'>oportet</span> <span class='ocrx_word' id='word_1_36' title='bbox 1075 752 1252 798; x_wconf 84' lang='lat' dir='ltr'>sermonum</span> <span class='ocrx_word' id='word_1_37' title='bbox 1274 739 1372 816; x_wconf 87' lang='lat' dir='ltr'>atque</span> 
     </span>
     <span class='ocr_line' id='line_1_6' title="bbox 342 833 1369 917; baseline 0.003 -20"><span class='ocrx_word' id='word_1_38' title='bbox 342 854 472 914; x_wconf 90' lang='lat' dir='ltr'>morum,</span> <span class='ocrx_word' id='word_1_39' title='bbox 495 833 738 917; x_wconf 81' lang='lat' dir='ltr'>haudquaquam</span> <span class='ocrx_word' id='word_1_40' title='bbox 764 833 921 898; x_wconf 78' lang='lat' dir='ltr'>mediocre</span> <span class='ocrx_word' id='word_1_41' title='bbox 947 835 1179 900; x_wconf 80' lang='lat' dir='ltr'>condimentum</span> <span class='ocrx_word' id='word_1_42' title='bbox 1201 837 1369 901; x_wconf 77' lang='lat' dir='ltr'>amicitiae.</span> 
     </span>
     <span class='ocr_line' id='line_1_7' title="bbox 342 936 1371 1021; baseline 0.003 -21"><span class='ocrx_word' id='word_1_43' title='bbox 342 937 483 1001; x_wconf 81' lang='lat' dir='ltr'>Tristitia</span> <span class='ocrx_word' id='word_1_44' title='bbox 507 942 613 1001; x_wconf 90' lang='lat' dir='ltr'>autem</span> <span class='ocrx_word' id='word_1_45' title='bbox 639 936 729 1000; x_wconf 91' lang='lat' dir='ltr'>etin</span> <span class='ocrx_word' id='word_1_46' title='bbox 758 936 842 1000; x_wconf 92' lang='lat' dir='ltr'>omni</span> <span class='ocrx_word' id='word_1_47' title='bbox 869 957 903 1001; x_wconf 91' lang='lat' dir='ltr'>re</span> <span class='ocrx_word' id='word_1_48' title='bbox 929 937 1080 1002; x_wconf 86' lang='lat' dir='ltr'>severitas</span> <span class='ocrx_word' id='word_1_49' title='bbox 1105 936 1202 1001; x_wconf 90' lang='lat' dir='ltr'>babet</span> <span class='ocrx_word' id='word_1_50' title='bbox 1228 937 1283 1002; x_wconf 88' lang='lat' dir='ltr'>illa</span> <span class='ocrx_word' id='word_1_51' title='bbox 1305 939 1371 1021; x_wconf 91' lang='lat' dir='ltr'>qui·</span> 
     </span>
     <span class='ocr_line' id='line_1_8' title="bbox 342 1037 1371 1123; baseline 0.004 -21"><span class='ocrx_word' id='word_1_52' title='bbox 342 1038 413 1103; x_wconf 91' lang='lat' dir='ltr'>dem</span> <span class='ocrx_word' id='word_1_53' title='bbox 443 1040 641 1123; x_wconf 79' lang='lat' dir='ltr'>gravitatem,</span> <span class='ocrx_word' id='word_1_54' title='bbox 673 1037 729 1103; x_wconf 90' lang='lat' dir='ltr'>sed</span> <span class='ocrx_word' id='word_1_55' title='bbox 759 1038 896 1102; x_wconf 86' lang='lat' dir='ltr'>amicitia</span> <span class='ocrx_word' id='word_1_56' title='bbox 925 1038 1084 1103; x_wconf 87' lang='lat' dir='ltr'>remissior</span> <span class='ocrx_word' id='word_1_57' title='bbox 1114 1059 1183 1104; x_wconf 90' lang='lat' dir='ltr'>esse</span> <span class='ocrx_word' id='word_1_58' title='bbox 1213 1038 1310 1105; x_wconf 91' lang='lat' dir='ltr'>debet</span> <span class='ocrx_word' id='word_1_59' title='bbox 1339 1051 1371 1106; x_wconf 91' lang='lat' dir='ltr'>et</span> 
     </span>
     <span class='ocr_line' id='line_1_9' title="bbox 341 1139 1371 1226; baseline 0.005 -22"><span class='ocrx_word' id='word_1_60' title='bbox 341 1141 467 1206; x_wconf 88' lang='lat' dir='ltr'>liberior</span> <span class='ocrx_word' id='word_1_61' title='bbox 482 1148 513 1206; x_wconf 89' lang='lat' dir='ltr'>et</span> <span class='ocrx_word' id='word_1_62' title='bbox 527 1140 647 1206; x_wconf 89' lang='lat' dir='ltr'>dulcior</span> <span class='ocrx_word' id='word_1_63' title='bbox 662 1148 693 1205; x_wconf 93' lang='lat' dir='ltr'>et</span> <span class='ocrx_word' id='word_1_64' title='bbox 711 1139 753 1204; x_wconf 90' lang='lat' dir='ltr'>ad</span> <span class='ocrx_word' id='word_1_65' title='bbox 775 1160 900 1205; x_wconf 91' lang='lat' dir='ltr'>omnem</span> <span class='ocrx_word' id='word_1_66' title='bbox 923 1142 1101 1206; x_wconf 92' lang='lat' dir='ltr'>comitatem</span> <span class='ocrx_word' id='word_1_67' title='bbox 1123 1141 1371 1226; x_wconf 85' lang='lat' dir='ltr'>facilitatemque</span> 
     </span>
     <span class='ocr_line' id='line_1_10' title="bbox 342 1244 516 1328; baseline 0.006 -20"><span class='ocrx_word' id='word_1_68' title='bbox 342 1244 516 1328; x_wconf 87' lang='lat' dir='ltr'>proclivior.</span> 
     </span>
    </p>

    <p class='ocr_par' dir='ltr' id='par_1_4' title="bbox 290 1327 1439 2144">
     <span class='ocr_line' id='line_1_11' title="bbox 290 1327 1371 1447; baseline 0.003 -37"><span class='ocrx_word' id='word_1_69' title='bbox 290 1327 326 1447; x_wconf 53' lang='grc' dir='ltr'>ἐξ</span> <span class='ocrx_word' id='word_1_70' title='bbox 427 1347 544 1411; x_wconf 82' lang='lat' dir='ltr'>Existit</span> <span class='ocrx_word' id='word_1_71' title='bbox 570 1354 675 1410; x_wconf 87' lang='lat' dir='ltr'>autem</span> <span class='ocrx_word' id='word_1_72' title='bbox 702 1346 855 1411; x_wconf 92' lang='lat' dir='ltr'>hocloco</span> <span class='ocrx_word' id='word_1_73' title='bbox 883 1346 1039 1428; x_wconf 88' lang='lat' dir='ltr'>quaedam</span> <span class='ocrx_word' id='word_1_74' title='bbox 1062 1348 1203 1429; x_wconf 85' lang='lat' dir='ltr'>quaestio</span> <span class='ocrx_word' id='word_1_75' title='bbox 1230 1348 1371 1413; x_wconf 90' lang='lat' dir='ltr'>subdiffi-</span> 
     </span>
     <span class='ocr_line' id='line_1_12' title="bbox 341 1448 1371 1533; baseline 0.003 -20"><span class='ocrx_word' id='word_1_76' title='bbox 341 1450 418 1530; x_wconf 88' lang='lat' dir='ltr'>cilis,</span> <span class='ocrx_word' id='word_1_77' title='bbox 441 1470 517 1514; x_wconf 92' lang='lat' dir='ltr'>num</span> <span class='ocrx_word' id='word_1_78' title='bbox 544 1449 669 1530; x_wconf 92' lang='lat' dir='ltr'>quando</span> <span class='ocrx_word' id='word_1_79' title='bbox 695 1449 788 1513; x_wconf 89' lang='lat' dir='ltr'>amici</span> <span class='ocrx_word' id='word_1_80' title='bbox 815 1449 899 1528; x_wconf 90' lang='lat' dir='ltr'>novi,</span> <span class='ocrx_word' id='word_1_81' title='bbox 923 1448 1012 1533; x_wconf 84' lang='lat' dir='ltr'>digni</span> <span class='ocrx_word' id='word_1_82' title='bbox 1038 1450 1186 1531; x_wconf 89' lang='lat' dir='ltr'>amicitia,</span> <span class='ocrx_word' id='word_1_83' title='bbox 1208 1452 1371 1517; x_wconf 85' lang='lat' dir='ltr'>veteribus</span> 
     </span>
     <span class='ocr_line' id='line_1_13' title="bbox 340 1551 1371 1637; baseline 0.002 -21"><span class='ocrx_word' id='word_1_84' title='bbox 340 1553 403 1616; x_wconf 90' lang='lat' dir='ltr'>sint</span> <span class='ocrx_word' id='word_1_85' title='bbox 431 1551 659 1637; x_wconf 84' lang='lat' dir='ltr'>anteponendi,</span> <span class='ocrx_word' id='word_1_86' title='bbox 688 1558 724 1616; x_wconf 94' lang='lat' dir='ltr'>ut</span> <span class='ocrx_word' id='word_1_87' title='bbox 754 1552 842 1633; x_wconf 91' lang='lat' dir='ltr'>equis</span> <span class='ocrx_word' id='word_1_88' title='bbox 872 1552 985 1616; x_wconf 89' lang='lat' dir='ltr'>vetulis</span> <span class='ocrx_word' id='word_1_89' title='bbox 1018 1558 1142 1617; x_wconf 90' lang='lat' dir='ltr'>teneros</span> <span class='ocrx_word' id='word_1_90' title='bbox 1174 1559 1371 1637; x_wconf 85' lang='lat' dir='ltr'>anteponere</span> 
     </span>
     <span class='ocr_line' id='line_1_14' title="bbox 340 1653 1439 1738; baseline -0.002 -19"><span class='ocrx_word' id='word_1_91' title='bbox 340 1656 484 1720; x_wconf 85' lang='lat' dir='ltr'>solemus.</span> <span class='ocrx_word' id='word_1_92' title='bbox 528 1654 665 1738; x_wconf 81' lang='lat' dir='ltr'>Indigna</span> <span class='ocrx_word' id='word_1_93' title='bbox 687 1655 813 1718; x_wconf 91' lang='lat' dir='ltr'>homine</span> <span class='ocrx_word' id='word_1_94' title='bbox 835 1653 1003 1719; x_wconf 82' lang='lat' dir='ltr'>dubitatio!</span> <span class='ocrx_word' id='word_1_95' title='bbox 1049 1655 1121 1719; x_wconf 90' lang='lat' dir='ltr'>Non</span> <span class='ocrx_word' id='word_1_96' title='bbox 1144 1655 1227 1719; x_wconf 91' lang='lat' dir='ltr'>enim</span> <span class='ocrx_word' id='word_1_97' title='bbox 1251 1654 1370 1721; x_wconf 89' lang='lat' dir='ltr'>debent</span> <span class='ocrx_word' id='word_1_98' title='bbox 1433 1708 1439 1717; x_wconf 95' lang='lat'><em>.</em></span> 
     </span>
     <span class='ocr_line' id='line_1_15' title="bbox 340 1757 1369 1841; baseline -0.001 -18"><span class='ocrx_word' id='word_1_99' title='bbox 340 1778 409 1824; x_wconf 90' lang='lat' dir='ltr'>esse</span> <span class='ocrx_word' id='word_1_100' title='bbox 430 1758 637 1823; x_wconf 87' lang='lat' dir='ltr'>amicitiarum</span> <span class='ocrx_word' id='word_1_101' title='bbox 663 1757 743 1822; x_wconf 90' lang='lat' dir='ltr'>siout</span> <span class='ocrx_word' id='word_1_102' title='bbox 770 1757 902 1821; x_wconf 89' lang='lat' dir='ltr'>aliarum</span> <span class='ocrx_word' id='word_1_103' title='bbox 929 1777 1031 1821; x_wconf 92' lang='lat' dir='ltr'>rerum</span> <span class='ocrx_word' id='word_1_104' title='bbox 1058 1758 1237 1841; x_wconf 85' lang='lat' dir='ltr'>satietates;</span> <span class='ocrx_word' id='word_1_105' title='bbox 1268 1766 1369 1824; x_wconf 85' lang='lat' dir='ltr'>veter-</span> 
     </span>
     <span class='ocr_line' id='line_1_16' title="bbox 338 1860 1370 1944; baseline 0 -19"><span class='ocrx_word' id='word_1_106' title='bbox 338 1861 419 1925; x_wconf 89' lang='lat' dir='ltr'>rima</span> <span class='ocrx_word' id='word_1_107' title='bbox 440 1874 593 1944; x_wconf 88' lang='lat' dir='ltr'>quaeque,</span> <span class='ocrx_word' id='word_1_108' title='bbox 616 1865 651 1924; x_wconf 92' lang='lat' dir='ltr'>ut</span> <span class='ocrx_word' id='word_1_109' title='bbox 674 1879 712 1923; x_wconf 90' lang='lat' dir='ltr'>ea</span> <span class='ocrx_word' id='word_1_110' title='bbox 734 1861 818 1939; x_wconf 86' lang='lat' dir='ltr'>vina,</span> <span class='ocrx_word' id='word_1_111' title='bbox 842 1879 922 1941; x_wconf 89' lang='lat' dir='ltr'>quae</span> <span class='ocrx_word' id='word_1_112' title='bbox 945 1865 1135 1923; x_wconf 87' lang='lat' dir='ltr'>vetustatem</span> <span class='ocrx_word' id='word_1_113' title='bbox 1158 1860 1274 1941; x_wconf 85' lang='lat' dir='ltr'>ferunt,</span> <span class='ocrx_word' id='word_1_114' title='bbox 1300 1881 1370 1927; x_wconf 88' lang='lat' dir='ltr'>esse</span> 
     </span>
     <span class='ocr_line' id='line_1_17' title="bbox 338 1960 1370 2045; baseline 0.001 -18"><span class='ocrx_word' id='word_1_115' title='bbox 338 1963 434 2030; x_wconf 91' lang='lat' dir='ltr'>debet</span> <span class='ocrx_word' id='word_1_116' title='bbox 455 1963 658 2045; x_wconf 87' lang='lat' dir='ltr'>suavissima;</span> <span class='ocrx_word' id='word_1_117' title='bbox 681 1980 854 2042; x_wconf 88' lang='lat' dir='ltr'>verumque</span> <span class='ocrx_word' id='word_1_118' title='bbox 875 1960 951 2025; x_wconf 90' lang='lat' dir='ltr'>illud</span> <span class='ocrx_word' id='word_1_119' title='bbox 975 1968 1031 2042; x_wconf 90' lang='lat' dir='ltr'>est,</span> <span class='ocrx_word' id='word_1_120' title='bbox 1048 1962 1132 2043; x_wconf 93' lang='lat' dir='ltr'>quod</span> <span class='ocrx_word' id='word_1_121' title='bbox 1154 1962 1277 2044; x_wconf 86' lang='lat' dir='ltr'>dicitur,</span> <span class='ocrx_word' id='word_1_122' title='bbox 1294 1965 1370 2028; x_wconf 89' lang='lat' dir='ltr'>mul-</span> 
     </span>
     <span class='ocr_line' id='line_1_18' title="bbox 338 2063 1370 2144; baseline 0.001 -12"><span class='ocrx_word' id='word_1_123' title='bbox 338 2075 387 2132; x_wconf 90' lang='lat' dir='ltr'>tos</span> <span class='ocrx_word' id='word_1_124' title='bbox 408 2067 529 2131; x_wconf 90' lang='lat' dir='ltr'>modios</span> <span class='ocrx_word' id='word_1_125' title='bbox 551 2067 625 2130; x_wconf 89' lang='lat' dir='ltr'>salis</span> <span class='ocrx_word' id='word_1_126' title='bbox 647 2066 740 2130; x_wconf 91' lang='lat' dir='ltr'>simul</span> <span class='ocrx_word' id='word_1_127' title='bbox 762 2063 902 2130; x_wconf 90' lang='lat' dir='ltr'>edendos</span> <span class='ocrx_word' id='word_1_128' title='bbox 922 2085 1001 2144; x_wconf 91' lang='lat' dir='ltr'>esse,</span> <span class='ocrx_word' id='word_1_129' title='bbox 1017 2071 1051 2129; x_wconf 90' lang='lat' dir='ltr'>ut</span> <span class='ocrx_word' id='word_1_130' title='bbox 1072 2065 1231 2129; x_wconf 88' lang='lat' dir='ltr'>amicitiae</span> <span class='ocrx_word' id='word_1_131' title='bbox 1254 2086 1370 2133; x_wconf 89' lang='lat' dir='ltr'>munus</span> 
     </span>
    </p>

    <p class='ocr_par' dir='ltr' id='par_1_5' title="bbox 287 2166 1369 3261">
     <span class='ocr_line' id='line_1_19' title="bbox 287 2166 1369 2252; baseline 0 -18"><span class='ocrx_word' id='word_1_132' title='bbox 287 2187 320 2235; x_wconf 87' lang='lat' dir='ltr'>oa</span> <span class='ocrx_word' id='word_1_133' title='bbox 338 2170 498 2252; x_wconf 82' lang='lat' dir='ltr'>expletum</span> <span class='ocrx_word' id='word_1_134' title='bbox 521 2170 569 2234; x_wconf 90' lang='lat' dir='ltr'>sit.</span> <span class='ocrx_word' id='word_1_135' title='bbox 594 2169 759 2233; x_wconf 88' lang='lat' dir='ltr'>Novitates</span> <span class='ocrx_word' id='word_1_136' title='bbox 781 2174 886 2231; x_wconf 89' lang='lat' dir='ltr'>autem</span> <span class='ocrx_word' id='word_1_137' title='bbox 909 2167 937 2232; x_wconf 93' lang='lat' dir='ltr'>si</span> <span class='ocrx_word' id='word_1_138' title='bbox 959 2188 1047 2250; x_wconf 89' lang='lat' dir='ltr'>spem</span> <span class='ocrx_word' id='word_1_139' title='bbox 1069 2166 1226 2249; x_wconf 86' lang='lat' dir='ltr'>adferunt,</span> <span class='ocrx_word' id='word_1_140' title='bbox 1241 2175 1278 2232; x_wconf 91' lang='lat' dir='ltr'>ut</span> <span class='ocrx_word' id='word_1_141' title='bbox 1292 2175 1369 2234; x_wconf 88' lang='lat' dir='ltr'>tam·</span> 
     </span>
     <span class='ocr_line' id='line_1_20' title="bbox 338 2270 1369 2354; baseline 0 -18"><span class='ocrx_word' id='word_1_142' title='bbox 338 2292 434 2353; x_wconf 91' lang='lat' dir='ltr'>quam</span> <span class='ocrx_word' id='word_1_143' title='bbox 455 2273 488 2336; x_wconf 92' lang='lat' dir='ltr'>in</span> <span class='ocrx_word' id='word_1_144' title='bbox 510 2271 617 2336; x_wconf 87' lang='lat' dir='ltr'>herbis</span> <span class='ocrx_word' id='word_1_145' title='bbox 640 2291 704 2334; x_wconf 93' lang='lat' dir='ltr'>non</span> <span class='ocrx_word' id='word_1_146' title='bbox 725 2270 891 2335; x_wconf 83' lang='lat' dir='ltr'>fallacibus</span> <span class='ocrx_word' id='word_1_147' title='bbox 904 2271 1024 2334; x_wconf 81' lang='lat' dir='ltr'>fructus</span> <span class='ocrx_word' id='word_1_148' title='bbox 1038 2276 1198 2354; x_wconf 89' lang='lat' dir='ltr'>appareat,</span> <span class='ocrx_word' id='word_1_149' title='bbox 1214 2291 1279 2336; x_wconf 92' lang='lat' dir='ltr'>non</span> <span class='ocrx_word' id='word_1_150' title='bbox 1296 2280 1369 2336; x_wconf 88' lang='lat' dir='ltr'>sunt</span> 
     </span>
     <span class='ocr_line' id='line_1_21' title="bbox 337 2372 1368 2456; baseline 0.001 -17"><span class='ocrx_word' id='word_1_151' title='bbox 337 2376 410 2440; x_wconf 90' lang='lat' dir='ltr'>illae</span> <span class='ocrx_word' id='word_1_152' title='bbox 433 2373 559 2455; x_wconf 91' lang='lat' dir='ltr'>quidem</span> <span class='ocrx_word' id='word_1_153' title='bbox 581 2372 805 2456; x_wconf 88' lang='lat' dir='ltr'>repudiandae,</span> <span class='ocrx_word' id='word_1_154' title='bbox 828 2378 969 2438; x_wconf 86' lang='lat' dir='ltr'>vetustas</span> <span class='ocrx_word' id='word_1_155' title='bbox 992 2378 1097 2437; x_wconf 89' lang='lat' dir='ltr'>tamen</span> <span class='ocrx_word' id='word_1_156' title='bbox 1120 2392 1175 2438; x_wconf 90' lang='lat' dir='ltr'>suo</span> <span class='ocrx_word' id='word_1_157' title='bbox 1202 2374 1271 2438; x_wconf 91' lang='lat' dir='ltr'>loco</span> <span class='ocrx_word' id='word_1_158' title='bbox 1299 2395 1368 2440; x_wconf 91' lang='lat' dir='ltr'>con·</span> 
     </span>
     <span class='ocr_line' id='line_1_22' title="bbox 337 2476 1368 2559; baseline -0.001 -16"><span class='ocrx_word' id='word_1_159' title='bbox 337 2476 509 2559; x_wconf 79' lang='lat' dir='ltr'>servanda3</span> <span class='ocrx_word' id='word_1_160' title='bbox 540 2477 680 2540; x_wconf 85' lang='lat' dir='ltr'>maxima</span> <span class='ocrx_word' id='word_1_161' title='bbox 707 2481 754 2541; x_wconf 91' lang='lat' dir='ltr'>est</span> <span class='ocrx_word' id='word_1_162' title='bbox 781 2476 864 2540; x_wconf 92' lang='lat' dir='ltr'>euim</span> <span class='ocrx_word' id='word_1_163' title='bbox 886 2476 936 2540; x_wconf 85' lang='lat' dir='ltr'>vis</span> <span class='ocrx_word' id='word_1_164' title='bbox 957 2477 1123 2541; x_wconf 89' lang='lat' dir='ltr'>vetustatis</span> <span class='ocrx_word' id='word_1_165' title='bbox 1150 2483 1182 2540; x_wconf 91' lang='lat' dir='ltr'>et</span> <span class='ocrx_word' id='word_1_166' title='bbox 1205 2484 1368 2542; x_wconf 91' lang='lat' dir='ltr'>consuetu-</span> 
     </span>
     <span class='ocr_line' id='line_1_23' title="bbox 337 2578 1368 2662; baseline 0.002 -19"><span class='ocrx_word' id='word_1_167' title='bbox 337 2580 428 2644; x_wconf 91' lang='lat' dir='ltr'>dinis.</span> <span class='ocrx_word' id='word_1_168' title='bbox 474 2578 557 2655; x_wconf 78' lang='lat' dir='ltr'>Quin</span> <span class='ocrx_word' id='word_1_169' title='bbox 583 2579 617 2641; x_wconf 93' lang='lat' dir='ltr'>in</span> <span class='ocrx_word' id='word_1_170' title='bbox 642 2579 711 2660; x_wconf 90' lang='lat' dir='ltr'>ipso</span> <span class='ocrx_word' id='word_1_171' title='bbox 738 2598 828 2659; x_wconf 91' lang='lat' dir='ltr'>equo,</span> <span class='ocrx_word' id='word_1_172' title='bbox 852 2578 939 2643; x_wconf 91' lang='lat' dir='ltr'>cuius</span> <span class='ocrx_word' id='word_1_173' title='bbox 964 2578 1057 2644; x_wconf 94' lang='lat' dir='ltr'>modo</span> <span class='ocrx_word' id='word_1_174' title='bbox 1078 2578 1140 2643; x_wconf 86' lang='lat' dir='ltr'>feci</span> <span class='ocrx_word' id='word_1_175' title='bbox 1162 2579 1368 2662; x_wconf 86' lang='lat' dir='ltr'>mentionem,</span> 
     </span>
     <span class='ocr_line' id='line_1_24' title="bbox 336 2679 1368 2765; baseline -0.001 -17"><span class='ocrx_word' id='word_1_176' title='bbox 336 2684 363 2748; x_wconf 89' lang='lat' dir='ltr'>si</span> <span class='ocrx_word' id='word_1_177' title='bbox 386 2683 471 2747; x_wconf 87' lang='lat' dir='ltr'>nulla</span> <span class='ocrx_word' id='word_1_178' title='bbox 492 2701 543 2746; x_wconf 91' lang='lat' dir='ltr'>res</span> <span class='ocrx_word' id='word_1_179' title='bbox 565 2679 726 2765; x_wconf 90' lang='lat' dir='ltr'>impediat,</span> <span class='ocrx_word' id='word_1_180' title='bbox 747 2700 839 2745; x_wconf 91' lang='lat' dir='ltr'>nemo</span> <span class='ocrx_word' id='word_1_181' title='bbox 862 2686 920 2762; x_wconf 91' lang='lat' dir='ltr'>est,</span> <span class='ocrx_word' id='word_1_182' title='bbox 943 2682 1018 2763; x_wconf 92' lang='lat' dir='ltr'>quin</span> <span class='ocrx_word' id='word_1_183' title='bbox 1041 2701 1088 2762; x_wconf 93' lang='lat' dir='ltr'>eo,</span> <span class='ocrx_word' id='word_1_184' title='bbox 1108 2702 1170 2763; x_wconf 94' lang='lat' dir='ltr'>quo</span> <span class='ocrx_word' id='word_1_185' title='bbox 1193 2684 1368 2764; x_wconf 87' lang='lat' dir='ltr'>consuevit,</span> 
     </span>
     <span class='ocr_line' id='line_1_25' title="bbox 335 2784 1366 2865; baseline -0.001 -15"><span class='ocrx_word' id='word_1_186' title='bbox 335 2785 483 2850; x_wconf 91' lang='lat' dir='ltr'>libentius</span> <span class='ocrx_word' id='word_1_187' title='bbox 509 2790 614 2848; x_wconf 90' lang='lat' dir='ltr'>utatur</span> <span class='ocrx_word' id='word_1_188' title='bbox 641 2803 736 2865; x_wconf 90' lang='lat' dir='ltr'>quam</span> <span class='ocrx_word' id='word_1_189' title='bbox 757 2784 923 2848; x_wconf 88' lang='lat' dir='ltr'>intractato</span> <span class='ocrx_word' id='word_1_190' title='bbox 945 2792 976 2849; x_wconf 89' lang='lat' dir='ltr'>et</span> <span class='ocrx_word' id='word_1_191' title='bbox 998 2805 1089 2850; x_wconf 75' lang='lat' dir='ltr'>novo,</span> <span class='ocrx_word' id='word_1_192' title='bbox 1135 2785 1203 2848; x_wconf 89' lang='lat' dir='ltr'>Nec</span> <span class='ocrx_word' id='word_1_193' title='bbox 1229 2804 1307 2850; x_wconf 83' lang='lat' dir='ltr'>uero</span> <span class='ocrx_word' id='word_1_194' title='bbox 1335 2786 1366 2849; x_wconf 92' lang='lat' dir='ltr'>in</span> 
     </span>
     <span class='ocr_line' id='line_1_26' title="bbox 336 2874 1367 2971; baseline -0.002 -18"><span class='ocrx_word' id='word_1_195' title='bbox 336 2874 407 2968; x_wconf 79' lang='lat' dir='ltr'>boo,</span> <span class='ocrx_word' id='word_1_196' title='bbox 432 2887 516 2971; x_wconf 91' lang='lat' dir='ltr'>quod</span> <span class='ocrx_word' id='word_1_197' title='bbox 543 2893 590 2951; x_wconf 91' lang='lat' dir='ltr'>est</span> <span class='ocrx_word' id='word_1_198' title='bbox 617 2886 743 2966; x_wconf 91' lang='lat' dir='ltr'>animal,</span> <span class='ocrx_word' id='word_1_199' title='bbox 771 2884 828 2950; x_wconf 92' lang='lat' dir='ltr'>sed</span> <span class='ocrx_word' id='word_1_200' title='bbox 854 2887 887 2950; x_wconf 90' lang='lat' dir='ltr'>iu</span> <span class='ocrx_word' id='word_1_201' title='bbox 913 2887 951 2951; x_wconf 90' lang='lat' dir='ltr'>iis</span> <span class='ocrx_word' id='word_1_202' title='bbox 979 2887 1084 2967; x_wconf 89' lang='lat' dir='ltr'>etiam,</span> <span class='ocrx_word' id='word_1_203' title='bbox 1112 2907 1192 2968; x_wconf 89' lang='lat' dir='ltr'>quae</span> <span class='ocrx_word' id='word_1_204' title='bbox 1220 2895 1295 2952; x_wconf 91' lang='lat' dir='ltr'>sunt</span> <span class='ocrx_word' id='word_1_205' title='bbox 1323 2890 1367 2952; x_wconf 92' lang='lat' dir='ltr'>in-</span> 
     </span>
     <span class='ocr_line' id='line_1_27' title="bbox 335 2988 1366 3076; baseline -0.001 -20"><span class='ocrx_word' id='word_1_206' title='bbox 335 2992 449 3072; x_wconf 91' lang='lat' dir='ltr'>anima,</span> <span class='ocrx_word' id='word_1_207' title='bbox 467 2989 657 3076; x_wconf 91' lang='lat' dir='ltr'>consuetudo</span> <span class='ocrx_word' id='word_1_208' title='bbox 673 2989 766 3068; x_wconf 89' lang='lat' dir='ltr'>valet,</span> <span class='ocrx_word' id='word_1_209' title='bbox 783 3009 853 3053; x_wconf 93' lang='lat' dir='ltr'>cum</span> <span class='ocrx_word' id='word_1_210' title='bbox 872 2990 948 3054; x_wconf 93' lang='lat' dir='ltr'>locis</span> <span class='ocrx_word' id='word_1_211' title='bbox 967 2991 1044 3073; x_wconf 88' lang='lat' dir='ltr'>ipsis</span> <span class='ocrx_word' id='word_1_212' title='bbox 1063 2988 1263 3070; x_wconf 91' lang='lat' dir='ltr'>delectemur,</span> <span class='ocrx_word' id='word_1_213' title='bbox 1280 3012 1366 3057; x_wconf 92' lang='lat' dir='ltr'>mou-</span> 
     </span>
     <span class='ocr_line' id='line_1_28' title="bbox 335 3091 1366 3173; baseline 0 -14"><span class='ocrx_word' id='word_1_214' title='bbox 335 3096 432 3159; x_wconf 89' lang='lat' dir='ltr'>tuosis</span> <span class='ocrx_word' id='word_1_215' title='bbox 460 3095 553 3158; x_wconf 88' lang='lat' dir='ltr'>etiam</span> <span class='ocrx_word' id='word_1_216' title='bbox 581 3098 612 3155; x_wconf 90' lang='lat' dir='ltr'>et</span> <span class='ocrx_word' id='word_1_217' title='bbox 645 3091 848 3172; x_wconf 84' lang='lat' dir='ltr'>silvestribus,</span> <span class='ocrx_word' id='word_1_218' title='bbox 879 3092 912 3155; x_wconf 94' lang='lat' dir='ltr'>in</span> <span class='ocrx_word' id='word_1_219' title='bbox 942 3092 1055 3173; x_wconf 90' lang='lat' dir='ltr'>quibus</span> <span class='ocrx_word' id='word_1_220' title='bbox 1084 3091 1201 3156; x_wconf 90' lang='lat' dir='ltr'>diutius</span> <span class='ocrx_word' id='word_1_221' title='bbox 1232 3111 1366 3159; x_wconf 86' lang='lat' dir='ltr'>commo</span> 
     </span>
     <span class='ocr_line' id='line_1_29' title="bbox 336 3197 532 3261; baseline -0.005 -1"><span class='ocrx_word' id='word_1_222' title='bbox 336 3197 395 3260; x_wconf 90' lang='lat' dir='ltr'>rati</span> <span class='ocrx_word' id='word_1_223' title='bbox 417 3216 532 3261; x_wconf 91' lang='lat' dir='ltr'>sumus.</span> 
     </span>
    </p>

    <p class='ocr_par' dir='ltr' id='par_1_6' title="bbox 285 3296 1374 3891">
     <span class='ocr_line' id='line_1_30' title="bbox 285 3296 1364 3381; baseline 0.003 -20"><span class='ocrx_word' id='word_1_224' title='bbox 285 3315 317 3362; x_wconf 83' lang='lat' dir='ltr'>co</span> <span class='ocrx_word' id='word_1_225' title='bbox 421 3298 485 3365; x_wconf 83' lang='lat' dir='ltr'>Sed</span> <span class='ocrx_word' id='word_1_226' title='bbox 507 3298 679 3375; x_wconf 81' lang='lat' dir='ltr'>maximum</span> <span class='ocrx_word' id='word_1_227' title='bbox 703 3304 750 3362; x_wconf 90' lang='lat' dir='ltr'>est</span> <span class='ocrx_word' id='word_1_228' title='bbox 772 3297 804 3360; x_wconf 92' lang='lat' dir='ltr'>iu</span> <span class='ocrx_word' id='word_1_229' title='bbox 826 3296 965 3362; x_wconf 89' lang='lat' dir='ltr'>amicitia</span> <span class='ocrx_word' id='word_1_230' title='bbox 987 3318 1094 3381; x_wconf 86' lang='lat' dir='ltr'>parem</span> <span class='ocrx_word' id='word_1_231' title='bbox 1118 3317 1186 3362; x_wconf 91' lang='lat' dir='ltr'>esse</span> <span class='ocrx_word' id='word_1_232' title='bbox 1205 3296 1364 3365; x_wconf 85' lang='lat' dir='ltr'>inferiori.</span> 
     </span>
     <span class='ocr_line' id='line_1_31' title="bbox 335 3398 1363 3486; baseline -0.002 -18"><span class='ocrx_word' id='word_1_233' title='bbox 335 3404 437 3486; x_wconf 82' lang='lat' dir='ltr'>Saepe</span> <span class='ocrx_word' id='word_1_234' title='bbox 460 3401 543 3465; x_wconf 92' lang='lat' dir='ltr'>enim</span> <span class='ocrx_word' id='word_1_235' title='bbox 567 3400 771 3464; x_wconf 84' lang='lat' dir='ltr'>excellentiae</span> <span class='ocrx_word' id='word_1_236' title='bbox 795 3398 949 3480; x_wconf 90' lang='lat' dir='ltr'>quaedam</span> <span class='ocrx_word' id='word_1_237' title='bbox 976 3406 1058 3478; x_wconf 84' lang='lat' dir='ltr'>eunt,</span> <span class='ocrx_word' id='word_1_238' title='bbox 1082 3399 1183 3479; x_wconf 90' lang='lat' dir='ltr'>qualis</span> <span class='ocrx_word' id='word_1_239' title='bbox 1211 3406 1279 3464; x_wconf 88' lang='lat' dir='ltr'>erat</span> <span class='ocrx_word' id='word_1_240' title='bbox 1302 3403 1363 3468; x_wconf 86' lang='lat' dir='ltr'>Sci·</span> 
     </span>
     <span class='ocr_line' id='line_1_32' title="bbox 334 3500 1362 3589; baseline -0.001 -20"><span class='ocrx_word' id='word_1_241' title='bbox 334 3505 437 3589; x_wconf 88' lang='lat' dir='ltr'>pionis</span> <span class='ocrx_word' id='word_1_242' title='bbox 459 3505 492 3567; x_wconf 93' lang='lat' dir='ltr'>in</span> <span class='ocrx_word' id='word_1_243' title='bbox 514 3508 630 3582; x_wconf 88' lang='lat' dir='ltr'>nostro,</span> <span class='ocrx_word' id='word_1_244' title='bbox 652 3509 687 3566; x_wconf 93' lang='lat' dir='ltr'>ut</span> <span class='ocrx_word' id='word_1_245' title='bbox 708 3502 753 3566; x_wconf 92' lang='lat' dir='ltr'>ita</span> <span class='ocrx_word' id='word_1_246' title='bbox 776 3500 888 3581; x_wconf 90' lang='lat' dir='ltr'>dicam,</span> <span class='ocrx_word' id='word_1_247' title='bbox 910 3522 1016 3585; x_wconf 83' lang='lat' dir='ltr'>grege.</span> <span class='ocrx_word' id='word_1_248' title='bbox 1050 3502 1231 3582; x_wconf 89' lang='lat' dir='ltr'>Numquam</span> <span class='ocrx_word' id='word_1_249' title='bbox 1254 3523 1289 3568; x_wconf 92' lang='lat' dir='ltr'>se</span> <span class='ocrx_word' id='word_1_250' title='bbox 1312 3504 1362 3568; x_wconf 88' lang='lat' dir='ltr'>ille</span> 
     </span>
     <span class='ocr_line' id='line_1_33' title="bbox 334 3603 1361 3688; baseline 0 -17"><span class='ocrx_word' id='word_1_251' title='bbox 334 3606 433 3688; x_wconf 87' lang='lat' dir='ltr'>Philo,</span> <span class='ocrx_word' id='word_1_252' title='bbox 456 3625 625 3686; x_wconf 92' lang='lat' dir='ltr'>numquam</span> <span class='ocrx_word' id='word_1_253' title='bbox 648 3605 782 3687; x_wconf 89' lang='lat' dir='ltr'>Rupilio,</span> <span class='ocrx_word' id='word_1_254' title='bbox 805 3624 975 3686; x_wconf 92' lang='lat' dir='ltr'>numquam</span> <span class='ocrx_word' id='word_1_255' title='bbox 997 3603 1146 3669; x_wconf 90' lang='lat' dir='ltr'>Mummio</span> <span class='ocrx_word' id='word_1_256' title='bbox 1172 3606 1361 3688; x_wconf 75' lang='lat' dir='ltr'>anteposuit,</span> 
     </span>
     <span class='ocr_line' id='line_1_34' title="bbox 334 3693 1374 3790; baseline 0.001 -18"><span class='ocrx_word' id='word_1_257' title='bbox 334 3729 505 3790; x_wconf 89' lang='lat' dir='ltr'>numquam</span> <span class='ocrx_word' id='word_1_258' title='bbox 530 3706 686 3771; x_wconf 86' lang='lat' dir='ltr'>inferioris</span> <span class='ocrx_word' id='word_1_259' title='bbox 712 3706 830 3772; x_wconf 91' lang='lat' dir='ltr'>ordinis</span> <span class='ocrx_word' id='word_1_260' title='bbox 852 3706 970 3786; x_wconf 92' lang='lat' dir='ltr'>amicis,</span> <span class='ocrx_word' id='word_1_261' title='bbox 994 3705 1145 3781; x_wconf 80' lang='lat' dir='ltr'>Quintum</span> <span class='ocrx_word' id='word_1_262' title='bbox 1167 3724 1243 3770; x_wconf 86' lang='lat' dir='ltr'>vero</span> <span class='ocrx_word' id='word_1_263' title='bbox 1265 3693 1374 3773; x_wconf 59' lang='lat' dir='ltr'>Maxi(</span> 
     </span>
     <span class='ocr_line' id='line_1_35' title="bbox 334 3806 1372 3891; baseline 0.001 -18"><span class='ocrx_word' id='word_1_264' title='bbox 334 3830 420 3873; x_wconf 91' lang='lat' dir='ltr'>mum</span> <span class='ocrx_word' id='word_1_265' title='bbox 445 3810 583 3887; x_wconf 87' lang='lat' dir='ltr'>fratrem,</span> <span class='ocrx_word' id='word_1_266' title='bbox 607 3808 768 3891; x_wconf 79' lang='lat' dir='ltr'>egregium</span> <span class='ocrx_word' id='word_1_267' title='bbox 791 3809 892 3873; x_wconf 93' lang='lat' dir='ltr'>virum</span> <span class='ocrx_word' id='word_1_268' title='bbox 918 3808 1054 3887; x_wconf 83' lang='lat' dir='ltr'>omnino,</span> <span class='ocrx_word' id='word_1_269' title='bbox 1077 3806 1139 3871; x_wconf 89' lang='lat' dir='ltr'>sibi</span> <span class='ocrx_word' id='word_1_270' title='bbox 1160 3825 1372 3890; x_wconf 61' lang='lat' dir='ltr'>nequaquamv</span> 
     </span>
    </p>
   </div>
   <div class='ocr_carea' id='block_1_3' title="bbox 0 0 1518 4350">
    <p class='ocr_par' dir='ltr' id='par_1_7' title="bbox 0 0 1518 4350">
     <span class='ocr_line' id='line_1_36' title="bbox 0 0 1518 4350; baseline 0 3"><span class='ocrx_word' id='word_1_271' title='bbox 0 0 1518 4350; x_wconf 95' lang='lat' dir='ltr'> </span> 
     </span>
    </p>
   </div>
  </div>
 </body>
</html>
