3026 4350
522 207 696 278 cancro.
714 212 852 274 sac-sc.
1164 195 1204 259 13

172 385 321 469 aequales
348 383 630 468 propensioresque
656 383 698 448 ad
724 384 807 449 bene
834 383 1019 448 merendum
1042 404 1135 466 quarn
1162 382 1204 447 ad

173 486 413 571 reposcendum,
436 494 532 569 atque
553 486 634 553 haec
655 487 737 551 inter
760 506 814 552 eos
839 486 881 551 sit
906 486 1039 552 honesta
1065 486 1203 553 certatio.

175 589 228 657 Sic
251 597 283 656 et
304 591 456 656 utilitates
479 610 520 655 ex
542 590 682 655 amicitia
707 590 866 654 maximae
893 589 1065 674 capientur,
1088 595 1121 655 et
1147 589 1206 654 erit

174 694 242 759 eius
265 700 351 759 ortus
372 715 393 758 a
415 701 528 760 natura
549 714 643 776 quam
665 694 706 759 ab
729 693 933 759 inbecillitate
954 692 1080 778 gravior
1101 699 1133 758 et
1155 712 1205 758 ve-

172 797 243 862 rior.
270 798 354 863 Nam
377 799 404 863 si
426 798 545 863 utilitas
566 797 722 863 amicitias
744 796 983 880 conglutinaret,
999 795 1111 861 eadem
1125 817 1205 862 com·

173 908 295 966 mutata
322 901 523 988 dissolveret3
555 901 612 967 sed
638 903 712 984 quia
737 907 850 966 natura
870 902 985 966 mutari
1007 922 1069 966 non
1092 907 1204 985 potest,

173 1003 291 1071 idcirco
313 1025 407 1071 verae
429 1005 587 1071 amicitiae
610 1006 820 1090 sempiternae
843 1012 924 1073 sunt.
953 1004 1063 1070 Ortum
1078 1003 1204 1087 quidem

173 1108 332 1175 amicitiae
354 1108 479 1189 videtis,
502 1110 565 1175 nisi
587 1108 663 1193 quid
685 1108 727 1173 ad
749 1108 828 1174 haec
851 1108 931 1174 forte
953 1106 1057 1174 vultis.

237 1212 408 1278 >Firmus
438 1214 487 1277 Tu
509 1232 585 1278 vero
606 1232 714 1297 perge,
737 1212 842 1297 Laeli;
872 1232 930 1295 pro
951 1210 1012 1276 hoc
1034 1209 1128 1293 enim,
1151 1211 1205 1293 qui

161 1315 277 1379 'minor
299 1322 346 1381 est
367 1322 454 1397 natu,
477 1336 548 1381 meo
570 1317 637 1381 iure
659 1314 843 1400 respondeo.
1080 1392 1083 1401 Α

262 1419 437 1486 Sennvonu.
461 1421 558 1485 Recte
571 1426 605 1485 tu
617 1418 753 1502 quidem.
777 1420 879 1496 Quam
894 1421 934 1485 ob
950 1439 1016 1485 rem
1030 1406 1203 1485 audiamus.
1223 1439 1256 1487 33

260 1523 407 1589 Lunnms.
439 1522 555 1588 Audite
577 1544 663 1606 vero,
686 1523 796 1609 optimi
818 1523 887 1603 viri,
911 1543 958 1605 ea,
982 1543 1064 1605 quae
1090 1523 1261 1607 saepis-10

173 1626 253 1692 sime
280 1626 439 1692 interme
467 1633 499 1692 et
521 1626 700 1711 Scipionem
728 1626 768 1691 de
794 1627 934 1691 amicitia
961 1626 1204 1693 disserebantur.

174 1729 374 1812 Quamquam
389 1730 442 1796 ille
457 1729 584 1812 quidem
600 1730 678 1795 nihil
697 1728 856 1795 difficilius
872 1748 942 1795 esse
960 1728 1096 1811 dicebat,
1112 1750 1206 1812 quam

173 1833 345 1898 amicitiam
375 1854 475 1915 usque
505 1832 548 1898 ad
578 1840 753 1898 extremum
782 1834 867 1899 vitae
898 1832 981 1897 diem
1011 1852 1204 1918 permanere.

173 1937 257 2000 Nam
279 1938 331 2002 vel
353 1943 472 2002 utnon
499 1936 583 2002 idem
611 1936 776 2021 expediret
802 1935 941 2002 incidere
969 1957 1074 2020 saepe,
1097 1936 1205 2001 velut

172 2038 214 2105 de
236 2061 270 2106 re
292 2040 420 2126 publica
442 2062 506 2107 non
528 2040 614 2106 idem
637 2042 821 2126 sentiretur;
849 2040 963 2106 mutari
986 2040 1081 2104 etiam
1103 2059 1205 2106 mores

173 2143 335 2209 hominum
358 2165 455 2230 saepe
477 2144 613 2225 dicebat,
628 2145 707 2209 alias
721 2143 866 2209 adversis
886 2145 990 2224 rebus,
1006 2143 1087 2209 alias
1100 2149 1205 2209 aetate

173 2248 423 2331 ingravescente.
450 2249 555 2331 Atque
578 2268 685 2313 earum
708 2269 812 2313 rerum
835 2247 1014 2331 exemplum
1037 2266 1078 2311 ex
1101 2246 1206 2312 simili·

172 2349 283 2415 tudine
310 2351 457 2435 capiebat
482 2352 620 2417 ineuntis
646 2352 768 2435 aetatis,
794 2349 877 2433 quod
904 2350 1018 2415 summi
1039 2369 1205 2434 puerorum

172 2475 296 2520 amores
323 2475 417 2539 saepe
445 2475 510 2520 una
538 2476 609 2520 curn
631 2460 797 2540 praetexta
819 2461 894 2539 toga
920 2460 1126 2539 ponerentur3
1157 2455 1206 2520 sin
1223 2475 1257 2522 34

173 2563 279 2622 autem
305 2557 347 2622 ad
369 2557 618 2624 adulescentiam
644 2557 877 2642 perduxissent,
901 2556 1005 2622 dirimi
1027 2564 1135 2624 tamen
1161 2558 1206 2622 in-

173 2661 295 2726 terdum
319 2663 520 2727 contentione
540 2663 590 2729 vel
611 2662 742 2728 uxoriae
765 2661 958 2727 condicionis
977 2662 1027 2726 vel
1051 2661 1206 2728 commodi

172 2763 313 2845 alicuius,
337 2764 422 2847 quod
448 2765 532 2831 idem
558 2764 691 2850 adipisci
714 2771 846 2848 uterque
867 2786 931 2831 non
954 2773 1069 2850 posset.
1115 2763 1206 2841 Quod

173 2867 200 2932 si
227 2868 281 2950 qui
307 2868 432 2952 longius
457 2869 491 2933 in
518 2868 657 2933 amicitia
678 2869 819 2953 provecti
842 2874 958 2948 essent,
981 2875 1088 2933 tamen
1111 2889 1206 2952 saepe

172 2971 367 3053 labefactari,
380 2971 407 3036 si
422 2972 454 3036 in
469 2971 597 3038 honoris
613 2972 844 3061 content’Qnem
860 2970 1060 3055 incidissent3
1083 2977 1206 3055 pestem

172 3074 258 3138 enim
284 3074 402 3138 nullam
430 3075 579 3140 maiorem
607 3096 677 3141 esse
703 3075 849 3140 amicitiis
873 3094 966 3157 quarn
992 3075 1025 3138 in
1047 3074 1205 3159 plerisque

173 3177 328 3260 pecuniae
354 3176 569 3261 cupiditatem,
592 3179 626 3243 in
648 3178 774 3263 optimis
797 3179 972 3261 quibusque
994 3177 1121 3244 honoris
1143 3198 1206 3243 cer·

173 3285 280 3345 tamen
308 3287 340 3345 et
361 3282 491 3365 gloriae,
514 3303 556 3347 ex
579 3303 641 3364 quo
663 3282 843 3347 inimicitias
866 3281 1021 3346 maximas
1043 3301 1139 3366 saepe
1161 3283 1205 3346 in-

172 3389 221 3446 ter
247 3384 453 3450 amicissimos
481 3385 631 3450 extitisse.
677 3385 795 3469 Magna
818 3385 911 3449 etiarn
934 3383 1068 3449 discidia
1090 3391 1122 3449 et
1143 3386 1205 3469 plc·
1223 3406 1256 3454 ee

171 3492 303 3570 rumque
325 3487 409 3553 iusta
430 3489 528 3570 nasci,
546 3508 616 3553 cum
638 3487 757 3571 aliquid
779 3488 821 3553 ab
843 3487 963 3567 amicis,
980 3487 1064 3570 quod
1086 3495 1205 3553 rectum

171 3610 235 3673 non
258 3596 351 3671 esset,
375 3592 594 3676 postularetur,
618 3598 653 3655 ut
679 3598 735 3656 aut
756 3589 898 3656 libidinis
919 3591 1054 3655 ministri
1076 3597 1132 3656 aut
1153 3592 1205 3657 ad-

170 3693 287 3759 iutores
317 3701 422 3759 essent
450 3695 490 3758 ad
518 3695 676 3774 iniuriam,
701 3694 784 3776 quod
807 3695 860 3777 qui
887 3700 1077 3775 recusarent,
1100 3715 1205 3777 quam-

171 3796 220 3861 vis
250 3796 382 3863 honeste
411 3798 445 3862 id
475 3799 625 3876 facerent,
654 3798 704 3863 ius
733 3806 839 3862 tamen
869 3796 1026 3862 amicitiae
1060 3797 1205 3864 deserere

210 3943 303 4000 Cicero,
317 3947 415 3993 Laelius
430 3949 459 3993 de
474 3949 589 3994 amicitia.
617 3946 692 4000 (Gem.
707 3948 798 4003 Ausg.).
1147 3946 1162 3995 3
