3026 4350
558 223 641 278 OAP.
654 225 679 290 4,
692 227 716 280 5.
734 228 749 288 5
762 224 870 280 14-20.
1209 210 1227 273 7

197 400 337 480 obrem,
360 418 441 480 quae
465 395 615 480 disputari
639 395 840 461 deamicitia
863 401 1003 481 possunt,
1026 399 1067 464 ab
1091 397 1137 464 eis
1159 418 1228 463 cen-

198 522 251 568 seo
273 502 398 585 petatis,
421 500 475 583 qui
496 499 558 564 ista
579 499 867 584 profitenturpego
889 521 946 566 vos
968 499 1085 565 hortari
1106 506 1228 566 tantum

197 626 334 691 possum,
357 610 392 669 nt
413 604 586 669 amicitiam
608 603 753 669 omnibus
774 605 869 669 rebus
891 604 1037 669 humanis
1059 610 1228 689 antepona-

196 710 253 793 tis;
281 708 360 773 nihil
387 714 435 774 est
457 707 541 772 enim
563 713 629 772 tarn
651 713 783 772 naturae
805 714 924 792 aptum,
948 713 1013 772 tam
1036 709 1228 773 conveniens

197 812 239 876 ad
261 832 312 878 res
334 812 386 876 vel
408 809 564 876 secundas
586 810 638 875 vel
659 810 819 876 adversas.

283 915 347 983 Sed
362 915 422 981 hoc
436 915 571 999 primum
587 915 698 995 sentio,
714 914 776 978 nisi
797 915 831 978 in
853 915 944 979 bonis
966 915 1136 980 amicitiam
1159 934 1230 981 esse
1247 936 1279 984 18

197 1041 260 1085 non
282 1040 384 1105 posse.
426 1019 538 1100 Neque
561 1016 594 1081 id
616 1016 658 1081 ad
680 1018 789 1082 vivum
811 1037 928 1098 reseco,
951 1025 986 1082 ut
1006 1018 1052 1082 illi
1074 1019 1127 1100 qui
1149 1014 1229 1084 haec

198 1124 342 1188 subtilius
365 1122 531 1202 dissemnt,
551 1121 684 1186 fortasse
705 1141 790 1202 vere,
811 1119 867 1186 sed
889 1120 931 1185 ad
954 1140 1148 1186 communem
1172 1123 1228 1187 uti-

197 1227 316 1291 litatem
342 1246 471 1309 parum;
502 1230 620 1308 negant
644 1223 728 1288 enim
750 1244 939 1306 quemquam
963 1244 1031 1290 esse
1054 1225 1154 1289 virum
1177 1227 1228 1291 bo

197 1351 273 1394 num
295 1329 357 1393 nisi
380 1329 563 1412 sapientem.
610 1328 659 1394 Sit
681 1327 725 1391 ita
749 1347 843 1411 sane;
866 1327 923 1392 sed
946 1348 1016 1392 eam
1039 1329 1228 1412 sapientiam

197 1434 450 1516 interpretantur,
474 1451 569 1513 quam
596 1430 700 1495 adhuc
727 1430 867 1496 mortalis
895 1451 987 1495 nemo
1016 1437 1063 1496 est
1086 1451 1228 1497 consecu-

197 1543 257 1616 tus,
281 1555 340 1600 nos
365 1541 470 1600 autern
498 1555 545 1615 ea,
569 1554 650 1617 qnae
677 1540 750 1600 sunt
775 1534 808 1598 in
830 1554 889 1598 usu
912 1535 1040 1616 vitaque
1062 1535 1228 1616 communi,

197 1661 261 1704 non
283 1660 331 1721 ea,
354 1659 436 1721 quae
457 1638 619 1723 finguntur·
639 1645 695 1703 aut
717 1644 874 1722 optantur,
898 1645 1040 1721 spectare
1067 1638 1227 1704 debemus.

197 1744 377 1824 Numquam
403 1762 463 1825 ego
486 1740 590 1805 dicam
612 1741 646 1807 O.
664 1740 853 1822 Fabricium,
876 1741 928 1805 Μ’.
946 1740 1084 1822 Curium,
1108 1742 1155 1805 Ti.
1173 1741 1228 1807 Oo

197 1846 392 1926 runcanium,
415 1865 494 1927 quos
516 1845 675 1928 sapientes
696 1845 795 1909 nostri
817 1844 951 1909 maiores
972 1843 1165 1925 iudicabant,
1188 1844 1229 1908 ad

197 1949 326 2014 istorum
357 1969 498 2013 normam
529 1948 627 2013 fuisse
657 1949 825 2032 sapientes.
872 1947 976 2023 Quare
1004 1947 1064 2012 sibi
1091 1947 1230 2012 babeant

198 2051 372 2135 sapientiae
394 2070 508 2115 nomen
533 2057 563 2115 et
586 2050 777 2115 invidiosum
800 2057 831 2115 et
850 2050 1027 2132 obscurum,
1044 2050 1228 2131 concedant,

198 2161 232 2220 ut
253 2154 314 2219 viri
335 2154 409 2219 boni
432 2154 556 2218 fuerint.
584 2155 634 2218 Ne
655 2153 689 2218 id
711 2153 839 2236 quidem
861 2153 988 2235 facient,
1011 2155 1174 2238 negabunt
1196 2154 1230 2218 id

198 2258 260 2324 nisi
286 2257 421 2342 sapienti
447 2277 541 2340 posse
569 2256 707 2322 concedi.
758 2259 899 2341 Agamus
925 2258 1022 2341 igitur
1047 2257 1167 2342 pingui,
1195 2265 1230 2322 ut
1250 2276 1280 2323 rc

198 2362 296 2442 aiunt,
319 2362 477 2443 Minerva3
509 2361 562 2442 qui
584 2361 629 2424 ita
651 2380 686 2424 se
707 2366 831 2444 gerunt,
854 2361 899 2424 ita
920 2360 1042 2442 vivunt,
1065 2367 1101 2425 ut
1123 2381 1228 2425 eorum

198 2466 347 2550 probetur
368 2463 457 2544 fides,
479 2463 827 2546 integritasaequitas,
849 2464 1031 2545 liberalitas,
1051 2484 1111 2529 nec
1134 2464 1174 2529 sit
1195 2464 1230 2528 in

200 2569 245 2634 eis
266 2569 331 2632 ulla
354 2565 519 2651 cupiditas,
539 2566 646 2648 libido,
663 2565 806 2648 audacia,
823 2567 925 2649 sitque
947 2588 1065 2651 magna
1087 2573 1229 2632 constan·

199 2673 251 2752 tia,
267 2677 302 2734 ut
323 2671 346 2734 ii
368 2671 504 2751 fuerunt,
525 2669 619 2736 modo
642 2690 719 2752 quos
742 2670 913 2751 nominavi,
933 2671 991 2735 bos
1012 2671 1097 2735 viros
1120 2673 1229 2752 bonos,
1269 2734 1272 2738 .

199 2781 233 2840 ut
258 2774 359 2838 habiti
386 2782 468 2854 sunt,
493 2774 538 2838 sio
564 2773 659 2838 etiam
681 2774 886 2857 appellandos
909 2781 1063 2858 putemus,
1089 2775 1163 2856 quia
1185 2795 1230 2839 se-

199 2884 343 2962 quantur,
375 2883 527 2959 quantum
557 2876 701 2942 homines
731 2886 872 2961 possunt,
903 2883 1047 2942 naturam
1081 2877 1231 2961 optimam

199 2982 280 3047 bene
303 2980 433 3045 vivendi
456 2979 577 3044 ducem.
623 2981 676 3046 Sic
698 2981 783 3045 enim
808 2981 885 3045 mibi
908 2981 1086 3065 perspicere
1111 2980 1230 3062 videor,

199 3086 244 3150 ita
267 3090 361 3150 natos
381 3104 450 3149 esse
472 3104 540 3164 nos,
563 3090 598 3147 ut
624 3083 707 3147 inter
733 3103 842 3148 omnes
870 3091 953 3148 esset
979 3086 1113 3149 societas
1141 3105 1231 3166 quae·

199 3189 282 3269 dam,
298 3188 397 3252 maior
411 3193 527 3269 autem,
543 3193 578 3252 ut
600 3186 732 3269 quisque
754 3188 897 3271 proxime
919 3187 1092 3253 accederet.
1120 3190 1232 3270 Itaque

200 3292 286 3356 cives
315 3293 452 3374 potiores
484 3310 577 3373 quam
604 3291 773 3375 peregrini,
801 3291 969 3374 propinqui
997 3308 1090 3373 quam
1118 3292 1230 3376 alieni;

200 3415 271 3460 cum
294 3394 343 3459 his
366 3395 450 3459 enim
472 3394 643 3459 amicitiam
665 3401 778 3459 natura
792 3395 863 3479 ipsa
877 3395 1015 3478 peperit3
1045 3395 1101 3460 sed
1117 3415 1154 3459 ea
1169 3416 1232 3459 non

200 3499 278 3564 satis
291 3497 389 3563 habet
403 3497 569 3564 firmitatis.
593 3499 738 3580 Namque
760 3498 820 3563 hoc
842 3505 982 3581 praestat
1004 3499 1143 3563 amicitia
1165 3520 1232 3582 pro-

200 3602 377 3686 pinquitati,
404 3601 489 3684 quod
516 3622 557 3666 ex
584 3602 818 3687 propinquitate
844 3600 1059 3666 benivolentia
1087 3603 1153 3667 tolli
1181 3622 1232 3686 po·

201 3711 271 3786 test,
295 3726 337 3771 ex
359 3706 497 3770 amicitia
519 3727 582 3771 non
605 3712 725 3790 potest;
757 3705 881 3771 sublata
909 3705 992 3769 enirn
1019 3704 1232 3770 benivolentia

200 3809 358 3877 amicitiae
384 3829 499 3878 nomen
526 3809 653 3891 tollitur,
676 3808 919 3898 propinquitatis
945 3816 1061 3877 manet.
1107 3808 1283 3890 Quantam
