3026 4350
275 158 318 224 34
576 171 737 229 LAELlUS
753 173 803 228 DE
822 172 1003 230 AMICITIA.

275 348 424 413 facillime
444 348 635 432 agnoscitur,
655 347 772 433 quippe
794 348 848 431 qui
870 348 965 413 etiam
987 348 1187 415 adversando
1209 369 1307 434 saepe

275 451 457 517 absentetur
486 459 518 518 et
545 453 669 537 litigare
699 473 734 518 se
763 453 915 518 simulans
941 451 1122 517 blandiatur
1147 459 1242 534 atque
1264 451 1306 517 ad

277 561 452 620 extremum
474 556 528 621 det
549 576 662 621 manus
685 556 831 638 vincique
853 575 888 620 sc
910 555 1057 640 patiatur,
1077 562 1112 620 ut
1133 556 1171 638 is,
1186 555 1240 638 qui
1263 556 1307 620 in·

277 659 363 724 lusus
395 659 445 740 sit,
475 660 546 743 plus
575 658 693 725 vidisse
727 659 878 724 videatur.
929 658 1014 735 Quid
1047 665 1152 725 autem
1186 659 1308 742 turpius

277 781 372 844 quam
386 761 510 826 inludi?
549 761 696 838 Quodne
718 782 760 827 ne
778 761 910 846 accidat,
927 762 1028 847 magis
1051 762 1226 827 cavendum
1249 767 1305 828 est.

320 865 369 931 Ut
390 885 445 929 me
463 864 575 931 hodie
596 872 685 930 ante
707 885 834 931 omnes
856 865 1018 933 comicos
1040 866 1176 931 stultos
1198 884 1308 930 senes

321 969 493 1035 Versaris
515 976 629 1051 atque
651 969 856 1034 inlusseris
878 969 1108 1034 lautissume.

211 1090 259 1138 roo
278 1073 366 1137 Haec
393 1073 478 1136 enim
505 1073 601 1138 etiam
627 1072 660 1137 in
683 1072 799 1137 fabulis
822 1073 1005 1138 stultissima
1027 1092 1162 1156 persona
1184 1078 1232 1137 est
1253 1072 1308 1135 im·

278 1173 478 1259 providorum
501 1182 532 1241 et
555 1175 751 1241 credulorum
773 1195 892 1241 senum.
917 1174 980 1242 Sed
1002 1176 1109 1241 nescio
1131 1196 1194 1258 quo
1215 1182 1308 1260 pacto

278 1278 319 1342 ab
341 1278 488 1344 amicitiis
511 1278 720 1363 perfectorum
742 1278 914 1359 hominum,
930 1278 964 1343 id
987 1285 1035 1345 θεῖ
1050 1279 1239 1363 sapientium
1255 1276 1309 1363 (de

278 1381 339 1447 hac
369 1382 439 1447 dico
472 1383 638 1466 sapientia,
670 1403 751 1464 quae
779 1382 904 1448 videtur
936 1382 969 1446 in
1003 1381 1162 1448 hominem
1195 1381 1309 1448 cadere

279 1484 394 1570 posse),
417 1484 460 1549 ad
481 1486 568 1550 leves
589 1484 746 1550 amicitias
768 1484 900 1551 defluxit
920 1486 1029 1553 oratio.
1055 1484 1156 1561 Quam
1178 1486 1218 1550 ob
1241 1504 1309 1548 rem

278 1587 321 1653 ad
335 1587 389 1652 illa
403 1587 505 1671 prima
516 1587 680 1652 redeamus
692 1608 792 1669 eaque
806 1588 878 1672 ipsa
892 1588 1114 1654 concludamus
1128 1587 1308 1669 aliquando.

225 1703 261 1756 27
365 1691 482 1772 Virtus,
505 1691 613 1772 virtus,
636 1692 775 1772 inquam,
799 1692 832 1757 O.
850 1692 963 1773 Fanni,
987 1699 1019 1757 et
1039 1698 1084 1773 tu,
1107 1690 1144 1767 Q.
1160 1691 1254 1772 Muci,
1278 1697 1310 1755 et

279 1795 425 1861 conciliat
446 1794 602 1859 amicitias
625 1800 656 1859 et
679 1801 854 1860 conservat.
899 1796 937 1859 In
961 1815 999 1858 ea
1022 1801 1069 1860 θεῖ
1092 1795 1176 1859 enim
1199 1814 1310 1859 conve

278 1897 399 1962 nientia
424 1918 537 1977 rerum,
560 1898 594 1961 in
621 1917 660 1962 ea
685 1898 850 1978 stabilitas,
878 1898 911 1962 in
938 1918 977 1962 ea
1003 1898 1195 1982 constantia3
1226 1917 1309 1979 quae

279 2021 350 2066 cum
372 2020 406 2066 εθ
429 2000 542 2066 extulit
564 2006 596 2064 et
617 2000 755 2066 ostendit
781 2020 872 2065 suum
894 2001 1000 2064 lumen
1023 2006 1055 2065 θῖ
1076 1999 1161 2065 idem
1183 2001 1310 2084 aspexit

278 2104 469 2187 agnovitque
487 2103 521 2167 in
538 2103 609 2184 alio,
625 2102 668 2168 ad
689 2103 723 2167 id
745 2123 780 2168 se
801 2103 950 2169 admovet
971 2103 1173 2186 vicissimque
1194 2103 1310 2187 accipit

278 2206 364 2288 illud,
388 2205 472 2288 quod
494 2206 527 2269 in
549 2208 647 2271 altero
671 2214 735 2290 est;
766 2226 807 2270 ex
835 2226 895 2288 quo
923 2205 1101 2271 exardescit
1127 2207 1195 2272 sivo
1220 2227 1310 2272 amor

278 2310 346 2375 sive
372 2310 528 2394 amicitia3
558 2302 724 2392 utrumque
755 2310 839 2374 enim
866 2309 994 2374 ductum
1022 2316 1069 2374 est
1094 2311 1135 2376 ab
1162 2309 1307 2391 amando,

278 2433 385 2478 amare
414 2419 520 2477 autem
550 2414 627 2477 nihil
658 2419 706 2478 θεῖ
735 2412 820 2477 aliud
847 2413 910 2478 nisi
937 2433 1009 2478 eum
1036 2413 1139 2496 ipsum
1166 2413 1307 2496 diligere,

279 2536 373 2599 quem
405 2535 507 2596 ames,
538 2516 623 2580 nulla
655 2516 846 2599 indigentia,
877 2517 963 2580 nulla
991 2516 1126 2581 utilitate
1155 2517 1307 2598 quaesita,

280 2638 360 2703 quae
382 2624 488 2683 tamen
511 2619 581 2702 ipsa
603 2617 772 2685 efflorescit
799 2640 840 2684 ex
862 2619 1009 2700 amicitia,
1033 2620 1156 2685 etiarnsi
1182 2626 1215 2684 tu
1238 2641 1309 2685 cam

212 2747 259 2794 101
279 2724 383 2787 minus
413 2728 539 2788 secutus
569 2722 621 2786 sis.
668 2723 736 2787 Hac
766 2743 824 2789 nos
849 2722 1069 2788 adulescentes
1095 2723 1309 2789 benivolentia

279 2845 371 2891 senes
396 2826 475 2906 illos,
503 2826 539 2890 L.
555 2826 698 2907 Paulum,
725 2826 766 2890 M.
785 2826 946 2907 Catonem,
971 2826 1005 2891 O.
1022 2826 1144 2908 Galum,
1168 2827 1203 2891 P.
1220 2827 1308 2891 Nasi-

280 2950 359 3011 cam,
381 2929 428 2993 Ti.
446 2928 631 3010 Gracchum,
655 2930 811 3013 Scipionis
833 2929 931 2994 nostri
955 2949 1106 3010 socerum,
1130 2930 1307 3012 dileximus,

279 3034 359 3098 hacc
381 3032 476 3097 etiam
498 3033 600 3116 magis
623 3033 725 3097 elucet
745 3032 828 3097 inter
850 3033 1008 3114 aequales,
1032 3040 1067 3097 ut
1094 3033 1176 3098 inter
1203 3054 1253 3099 me
1276 3039 1308 3098 et

279 3136 468 3221 Scipionem,
491 3137 525 3201 L.
544 3135 682 3217 Furium,
708 3137 743 3201 P.
759 3136 928 3219 Rupilium,
956 3137 1010 3220 Sp.
1026 3137 1217 3201 Mummium.
1256 3137 1308 3201 Vi·
1396 3222 1398 3226 ι

280 3241 384 3305 cissim
406 3246 512 3304 autem
535 3259 627 3305 senes
649 3239 683 3304 in
705 3238 953 3305 adulescentium
980 3240 1110 3305 caritate
1135 3239 1307 3322 adquiesci-

279 3363 358 3425 mus,
384 3349 420 3406 ut
446 3343 480 3406 in
502 3348 616 3423 vestra,
644 3348 679 3407 ut
704 3343 738 3406 in
762 3341 798 3418 Q.
815 3342 1006 3427 Tuberonis;
1038 3342 1184 3425 equidem
1211 3343 1308 3408 etiam

278 3446 447 3512 admodum
473 3445 686 3511 adulescentis
708 3445 742 3510 P.
758 3445 866 3526 Rutili,
889 3445 926 3509 A.
940 3444 1071 3529 Vergini
1094 3445 1307 3512 familiaritate

279 3550 425 3616 delector.
466 3548 684 3631 Quoniamque
705 3549 750 3612 ita
772 3548 852 3614 ratio
875 3555 1056 3632 comparata
1078 3555 1126 3615 est
1147 3549 1232 3614 vitae
1254 3568 1307 3613 na-

278 3659 430 3735 turaeque
452 3657 587 3732 nostrae,
611 3657 645 3715 ut
667 3651 729 3715 alia
755 3658 844 3716 actas
870 3652 995 3732 oriatur,
1018 3652 1157 3716 maxime
1179 3651 1307 3734 quidem

279 3755 451 3842 optandum
466 3759 524 3835 est,
543 3761 578 3818 ut
601 3774 672 3819 cum
692 3754 877 3836 aequalibus
899 3754 1009 3839 possis,
1025 3755 1211 3837 quibuscum
1230 3761 1306 3820 tam·
