<?xml version="1.0" encoding="UTF-8"?>
<!DOCTYPE html PUBLIC "-//W3C//DTD XHTML 1.0 Transitional//EN"
    "http://www.w3.org/TR/xhtml1/DTD/xhtml1-transitional.dtd">
<html xmlns="http://www.w3.org/1999/xhtml" xml:lang="en" lang="en">
 <head>
  <title>
</title>
<meta http-equiv="Content-Type" content="text/html;charset=utf-8" />
  <meta name='ocr-system' content='tesseract 3.04.00' />
  <meta name='ocr-capabilities' content='ocr_page ocr_carea ocr_par ocr_line ocrx_word'/>
</head>
<body>
  <div class='ocr_page' id='page_1' title='image "./mtulliciceronis01schigoog_0051.png"; bbox 0 0 3026 4350; ppageno 0'>
   <div class='ocr_carea' id='block_1_1' title="bbox 324 271 1058 344">
    <p class='ocr_par' dir='ltr' id='par_1_1' title="bbox 324 271 1058 344">
     <span class='ocr_line' id='line_1_1' title="bbox 324 271 1058 344; baseline 0.012 -9"><span class='ocrx_word' id='word_1_1' title='bbox 324 271 365 335; x_wconf 80' lang='grc'>22</span> <span class='ocrx_word' id='word_1_2' title='bbox 626 286 786 344; x_wconf 87' lang='lat' dir='ltr'>LAELIUS</span> <span class='ocrx_word' id='word_1_3' title='bbox 803 289 853 343; x_wconf 86' lang='lat' dir='ltr'>DE</span> <span class='ocrx_word' id='word_1_4' title='bbox 871 287 1058 344; x_wconf 77' lang='lat' dir='ltr'>AMICITIA.</span> 
     </span>
    </p>
   </div>
   <div class='ocr_carea' id='block_1_2' title="bbox 272 461 1408 3953">
    <p class='ocr_par' dir='ltr' id='par_1_2' title="bbox 322 461 1355 551">
     <span class='ocr_line' id='line_1_2' title="bbox 322 461 1355 551; baseline 0.008 -26"><span class='ocrx_word' id='word_1_5' title='bbox 322 461 431 527; x_wconf 82' lang='lat' dir='ltr'>felioes</span> <span class='ocrx_word' id='word_1_6' title='bbox 453 461 486 526; x_wconf 91' lang='lat' dir='ltr'>in</span> <span class='ocrx_word' id='word_1_7' title='bbox 510 461 671 545; x_wconf 91' lang='lat' dir='ltr'>diligendo</span> <span class='ocrx_word' id='word_1_8' title='bbox 687 462 865 544; x_wconf 82' lang='lat' dir='ltr'>fulssemus,</span> <span class='ocrx_word' id='word_1_9' title='bbox 882 462 1046 528; x_wconf 86' lang='lat' dir='ltr'>ferendum</span> <span class='ocrx_word' id='word_1_10' title='bbox 1068 463 1102 527; x_wconf 89' lang='lat' dir='ltr'>id</span> <span class='ocrx_word' id='word_1_11' title='bbox 1125 463 1229 550; x_wconf 85' lang='lat' dir='ltr'>Soipio</span> <span class='ocrx_word' id='word_1_12' title='bbox 1252 466 1355 551; x_wconf 90' lang='lat' dir='ltr'>potius</span> 
     </span>
    </p>

    <p class='ocr_par' dir='ltr' id='par_1_3' title="bbox 272 545 1356 1891">
     <span class='ocr_line' id='line_1_3' title="bbox 272 545 1355 664; baseline 0.008 -37"><span class='ocrx_word' id='word_1_13' title='bbox 272 545 305 664; x_wconf 53' lang='grc' dir='ltr'>ἐξ</span> <span class='ocrx_word' id='word_1_14' title='bbox 323 584 417 646; x_wconf 93' lang='lat' dir='ltr'>quam</span> <span class='ocrx_word' id='word_1_15' title='bbox 450 565 684 630; x_wconf 80' lang='lat' dir='ltr'>inimicitiarum</span> <span class='ocrx_word' id='word_1_16' title='bbox 718 573 841 651; x_wconf 90' lang='lat' dir='ltr'>tempus</span> <span class='ocrx_word' id='word_1_17' title='bbox 875 566 1077 651; x_wconf 83' lang='lat' dir='ltr'>cogitandum</span> <span class='ocrx_word' id='word_1_18' title='bbox 1111 570 1250 653; x_wconf 87' lang='lat' dir='ltr'>putabat.</span> <span class='ocrx_word' id='word_1_19' title='bbox 1298 571 1355 636; x_wconf 79' lang='lat' dir='ltr'>His</span> 
     </span>
     <span class='ocr_line' id='line_1_4' title="bbox 321 667 1356 752; baseline 0.006 -19"><span class='ocrx_word' id='word_1_20' title='bbox 321 669 418 752; x_wconf 91' lang='lat' dir='ltr'>igitur</span> <span class='ocrx_word' id='word_1_21' title='bbox 439 667 555 734; x_wconf 91' lang='lat' dir='ltr'>finibus</span> <span class='ocrx_word' id='word_1_22' title='bbox 577 669 728 734; x_wconf 90' lang='lat' dir='ltr'>utendum</span> <span class='ocrx_word' id='word_1_23' title='bbox 751 670 891 745; x_wconf 84' lang='lat' dir='ltr'>arbitror,</span> <span class='ocrx_word' id='word_1_24' title='bbox 913 677 956 752; x_wconf 88' lang='lat' dir='ltr'>ut,</span> <span class='ocrx_word' id='word_1_25' title='bbox 978 691 1049 736; x_wconf 92' lang='lat' dir='ltr'>oum</span> <span class='ocrx_word' id='word_1_26' title='bbox 1072 673 1231 737; x_wconf 89' lang='lat' dir='ltr'>emendati</span> <span class='ocrx_word' id='word_1_27' title='bbox 1253 694 1356 741; x_wconf 89' lang='lat' dir='ltr'>mores</span> 
     </span>
     <span class='ocr_line' id='line_1_5' title="bbox 322 773 1356 858; baseline 0.01 -23"><span class='ocrx_word' id='word_1_28' title='bbox 322 773 494 838; x_wconf 87' lang='lat' dir='ltr'>amioorum</span> <span class='ocrx_word' id='word_1_29' title='bbox 524 774 596 853; x_wconf 89' lang='lat' dir='ltr'>sint,</span> <span class='ocrx_word' id='word_1_30' title='bbox 624 779 690 838; x_wconf 90' lang='lat' dir='ltr'>tum</span> <span class='ocrx_word' id='word_1_31' title='bbox 720 774 761 840; x_wconf 89' lang='lat' dir='ltr'>sit</span> <span class='ocrx_word' id='word_1_32' title='bbox 790 774 873 840; x_wconf 85' lang='lat' dir='ltr'>inter</span> <span class='ocrx_word' id='word_1_33' title='bbox 899 795 953 840; x_wconf 91' lang='lat' dir='ltr'>eos</span> <span class='ocrx_word' id='word_1_34' title='bbox 979 775 1118 839; x_wconf 88' lang='lat' dir='ltr'>omnium</span> <span class='ocrx_word' id='word_1_35' title='bbox 1144 796 1258 858; x_wconf 87' lang='lat' dir='ltr'>rerum,</span> <span class='ocrx_word' id='word_1_36' title='bbox 1287 798 1356 845; x_wconf 88' lang='lat' dir='ltr'>oon·</span> 
     </span>
     <span class='ocr_line' id='line_1_6' title="bbox 322 874 1354 962; baseline 0.006 -22"><span class='ocrx_word' id='word_1_37' title='bbox 322 874 471 955; x_wconf 88' lang='lat' dir='ltr'>siliorum,</span> <span class='ocrx_word' id='word_1_38' title='bbox 501 874 698 941; x_wconf 84' lang='lat' dir='ltr'><strong>voluntatum</strong></span> <span class='ocrx_word' id='word_1_39' title='bbox 728 876 796 943; x_wconf 90' lang='lat' dir='ltr'>sine</span> <span class='ocrx_word' id='word_1_40' title='bbox 827 878 891 941; x_wconf 87' lang='lat' dir='ltr'>ulla</span> <span class='ocrx_word' id='word_1_41' title='bbox 921 876 1108 961; x_wconf 68' lang='lat' dir='ltr'>exceptione</span> <span class='ocrx_word' id='word_1_42' title='bbox 1136 879 1354 962; x_wconf 81' lang='lat' dir='ltr'>communitas,</span> 
     </span>
     <span class='ocr_line' id='line_1_7' title="bbox 323 978 1354 1061; baseline 0.003 -17"><span class='ocrx_word' id='word_1_43' title='bbox 323 986 357 1044; x_wconf 90' lang='lat' dir='ltr'>ut</span> <span class='ocrx_word' id='word_1_44' title='bbox 379 979 485 1061; x_wconf 87' lang='lat' dir='ltr'>etiam,</span> <span class='ocrx_word' id='word_1_45' title='bbox 509 978 536 1044; x_wconf 90' lang='lat' dir='ltr'>si</span> <span class='ocrx_word' id='word_1_46' title='bbox 559 999 621 1061; x_wconf 89' lang='lat' dir='ltr'>qua</span> <span class='ocrx_word' id='word_1_47' title='bbox 644 980 770 1044; x_wconf 89' lang='lat' dir='ltr'>fortuna</span> <span class='ocrx_word' id='word_1_48' title='bbox 796 978 946 1044; x_wconf 89' lang='lat' dir='ltr'>aooiderit</span> <span class='ocrx_word' id='word_1_49' title='bbox 974 986 1008 1045; x_wconf 92' lang='lat' dir='ltr'>ut</span> <span class='ocrx_word' id='word_1_50' title='bbox 1029 979 1133 1046; x_wconf 90' lang='lat' dir='ltr'>minus</span> <span class='ocrx_word' id='word_1_51' title='bbox 1156 982 1258 1047; x_wconf 87' lang='lat' dir='ltr'>iustae</span> <span class='ocrx_word' id='word_1_52' title='bbox 1280 983 1354 1047; x_wconf 90' lang='lat' dir='ltr'>ami-</span> 
     </span>
     <span class='ocr_line' id='line_1_8' title="bbox 323 1081 1354 1165; baseline 0.003 -18"><span class='ocrx_word' id='word_1_53' title='bbox 323 1103 429 1148; x_wconf 84' lang='lat' dir='ltr'>eorum</span> <span class='ocrx_word' id='word_1_54' title='bbox 455 1082 633 1149; x_wconf 84' lang='lat' dir='ltr'>voluntates</span> <span class='ocrx_word' id='word_1_55' title='bbox 657 1081 857 1148; x_wconf 87' lang='lat' dir='ltr'>adiuvandae</span> <span class='ocrx_word' id='word_1_56' title='bbox 880 1084 952 1164; x_wconf 90' lang='lat' dir='ltr'>sint,</span> <span class='ocrx_word' id='word_1_57' title='bbox 975 1083 1008 1148; x_wconf 93' lang='lat' dir='ltr'>in</span> <span class='ocrx_word' id='word_1_58' title='bbox 1033 1083 1146 1165; x_wconf 89' lang='lat' dir='ltr'>quibus</span> <span class='ocrx_word' id='word_1_59' title='bbox 1169 1104 1276 1151; x_wconf 91' lang='lat' dir='ltr'>eorum</span> <span class='ocrx_word' id='word_1_60' title='bbox 1299 1093 1354 1150; x_wconf 92' lang='lat' dir='ltr'>aut</span> 
     </span>
     <span class='ocr_line' id='line_1_9' title="bbox 323 1185 1355 1271; baseline 0.005 -21"><span class='ocrx_word' id='word_1_61' title='bbox 323 1192 418 1271; x_wconf 87' lang='lat' dir='ltr'>eaput</span> <span class='ocrx_word' id='word_1_62' title='bbox 443 1191 557 1269; x_wconf 84' lang='lat' dir='ltr'>agatur</span> <span class='ocrx_word' id='word_1_63' title='bbox 582 1192 637 1250; x_wconf 89' lang='lat' dir='ltr'>aut</span> <span class='ocrx_word' id='word_1_64' title='bbox 663 1185 759 1268; x_wconf 85' lang='lat' dir='ltr'>fama,</span> <span class='ocrx_word' id='word_1_65' title='bbox 782 1186 1005 1252; x_wconf 84' lang='lat' dir='ltr'>declinandum</span> <span class='ocrx_word' id='word_1_66' title='bbox 1033 1186 1074 1252; x_wconf 92' lang='lat' dir='ltr'>de</span> <span class='ocrx_word' id='word_1_67' title='bbox 1104 1187 1158 1252; x_wconf 90' lang='lat' dir='ltr'>via</span> <span class='ocrx_word' id='word_1_68' title='bbox 1188 1188 1239 1270; x_wconf 85' lang='lat' dir='ltr'>sit,</span> <span class='ocrx_word' id='word_1_69' title='bbox 1262 1189 1355 1255; x_wconf 93' lang='lat' dir='ltr'>modo</span> 
     </span>
     <span class='ocr_line' id='line_1_10' title="bbox 323 1288 1354 1376; baseline 0.002 -21"><span class='ocrx_word' id='word_1_70' title='bbox 323 1311 363 1355; x_wconf 93' lang='lat' dir='ltr'>ne</span> <span class='ocrx_word' id='word_1_71' title='bbox 386 1310 509 1355; x_wconf 90' lang='lat' dir='ltr'>summa</span> <span class='ocrx_word' id='word_1_72' title='bbox 530 1288 690 1374; x_wconf 91' lang='lat' dir='ltr'>turpitudo</span> <span class='ocrx_word' id='word_1_73' title='bbox 714 1297 870 1376; x_wconf 89' lang='lat' dir='ltr'>sequatur.</span> <span class='ocrx_word' id='word_1_74' title='bbox 905 1290 962 1354; x_wconf 81' lang='lat' dir='ltr'>Est</span> <span class='ocrx_word' id='word_1_75' title='bbox 984 1291 1077 1371; x_wconf 90' lang='lat' dir='ltr'>enim,</span> <span class='ocrx_word' id='word_1_76' title='bbox 1101 1297 1258 1372; x_wconf 89' lang='lat' dir='ltr'>quatenus</span> <span class='ocrx_word' id='word_1_77' title='bbox 1279 1291 1354 1356; x_wconf 91' lang='lat' dir='ltr'>ami-</span> 
     </span>
     <span class='ocr_line' id='line_1_11' title="bbox 323 1392 1354 1477; baseline 0.002 -19"><span class='ocrx_word' id='word_1_78' title='bbox 323 1393 415 1459; x_wconf 88' lang='lat' dir='ltr'>oitiae</span> <span class='ocrx_word' id='word_1_79' title='bbox 438 1392 505 1457; x_wconf 90' lang='lat' dir='ltr'>dari</span> <span class='ocrx_word' id='word_1_80' title='bbox 528 1393 623 1457; x_wconf 86' lang='lat' dir='ltr'>venia</span> <span class='ocrx_word' id='word_1_81' title='bbox 645 1392 752 1477; x_wconf 83' lang='lat' dir='ltr'>possit,</span> <span class='ocrx_word' id='word_1_82' title='bbox 776 1413 836 1458; x_wconf 91' lang='lat' dir='ltr'>neo</span> <span class='ocrx_word' id='word_1_83' title='bbox 858 1414 932 1459; x_wconf 89' lang='lat' dir='ltr'>vero</span> <span class='ocrx_word' id='word_1_84' title='bbox 955 1393 1156 1477; x_wconf 89' lang='lat' dir='ltr'>neglegenda</span> <span class='ocrx_word' id='word_1_85' title='bbox 1183 1401 1231 1459; x_wconf 89' lang='lat' dir='ltr'>est</span> <span class='ocrx_word' id='word_1_86' title='bbox 1257 1394 1354 1475; x_wconf 80' lang='lat' dir='ltr'>fama,</span> 
     </span>
     <span class='ocr_line' id='line_1_12' title="bbox 322 1494 1356 1582; baseline 0.001 -21"><span class='ocrx_word' id='word_1_87' title='bbox 322 1517 382 1563; x_wconf 90' lang='lat' dir='ltr'>neo</span> <span class='ocrx_word' id='word_1_88' title='bbox 403 1494 561 1562; x_wconf 88' lang='lat' dir='ltr'>medioore</span> <span class='ocrx_word' id='word_1_89' title='bbox 583 1497 681 1561; x_wconf 91' lang='lat' dir='ltr'>telum</span> <span class='ocrx_word' id='word_1_90' title='bbox 703 1497 745 1560; x_wconf 88' lang='lat' dir='ltr'>ad</span> <span class='ocrx_word' id='word_1_91' title='bbox 765 1518 817 1562; x_wconf 89' lang='lat' dir='ltr'>res</span> <span class='ocrx_word' id='word_1_92' title='bbox 834 1495 998 1581; x_wconf 49' lang='lat' dir='ltr'>,gerendas</span> <span class='ocrx_word' id='word_1_93' title='bbox 1026 1496 1206 1562; x_wconf 86' lang='lat' dir='ltr'>existimare</span> <span class='ocrx_word' id='word_1_94' title='bbox 1234 1504 1356 1582; x_wconf 86' lang='lat' dir='ltr'>oportet</span> 
     </span>
     <span class='ocr_line' id='line_1_13' title="bbox 323 1598 1355 1683; baseline 0.003 -19"><span class='ocrx_word' id='word_1_95' title='bbox 323 1600 567 1666; x_wconf 86' lang='lat' dir='ltr'>benivolentiam</span> <span class='ocrx_word' id='word_1_96' title='bbox 598 1600 733 1683; x_wconf 88' lang='lat' dir='ltr'>oivium;</span> <span class='ocrx_word' id='word_1_97' title='bbox 768 1621 863 1681; x_wconf 92' lang='lat' dir='ltr'>quam</span> <span class='ocrx_word' id='word_1_98' title='bbox 896 1600 1058 1666; x_wconf 88' lang='lat' dir='ltr'>blanditiis</span> <span class='ocrx_word' id='word_1_99' title='bbox 1093 1607 1124 1665; x_wconf 91' lang='lat' dir='ltr'>et</span> <span class='ocrx_word' id='word_1_100' title='bbox 1156 1598 1355 1668; x_wconf 84' lang='lat' dir='ltr'>adsentando</span> 
     </span>
     <span class='ocr_line' id='line_1_14' title="bbox 322 1696 1355 1788; baseline 0.001 -20"><span class='ocrx_word' id='word_1_101' title='bbox 322 1705 469 1788; x_wconf 89' lang='lat' dir='ltr'>eolligere</span> <span class='ocrx_word' id='word_1_102' title='bbox 491 1710 582 1787; x_wconf 90' lang='lat' dir='ltr'>turpe</span> <span class='ocrx_word' id='word_1_103' title='bbox 604 1696 662 1784; x_wconf 70' lang='lat' dir='ltr'>est,</span> <span class='ocrx_word' id='word_1_104' title='bbox 677 1703 787 1784; x_wconf 70' lang='lat' dir='ltr'>virtus</span> <span class='ocrx_word' id='word_1_105' title='bbox 804 1723 898 1785; x_wconf 87' lang='lat' dir='ltr'>quam</span> <span class='ocrx_word' id='word_1_106' title='bbox 921 1703 1061 1784; x_wconf 88' lang='lat' dir='ltr'>sequitur</span> <span class='ocrx_word' id='word_1_107' title='bbox 1083 1703 1207 1785; x_wconf 83' lang='lat' dir='ltr'>caritas,</span> <span class='ocrx_word' id='word_1_108' title='bbox 1224 1704 1355 1770; x_wconf 90' lang='lat' dir='ltr'>minime</span> 
     </span>
     <span class='ocr_line' id='line_1_15' title="bbox 321 1805 599 1891; baseline -0.004 -19"><span class='ocrx_word' id='word_1_109' title='bbox 321 1805 519 1891; x_wconf 87' lang='lat' dir='ltr'>repudianda</span> <span class='ocrx_word' id='word_1_110' title='bbox 543 1813 599 1871; x_wconf 91' lang='lat' dir='ltr'>est.</span> 
     </span>
    </p>

    <p class='ocr_par' dir='ltr' id='par_1_4' title="bbox 272 1907 1408 3025">
     <span class='ocr_line' id='line_1_16' title="bbox 272 1907 1408 1995; baseline 0.005 -25"><span class='ocrx_word' id='word_1_111' title='bbox 272 1923 304 1970; x_wconf 83' lang='lat' dir='ltr'>oa</span> <span class='ocrx_word' id='word_1_112' title='bbox 409 1909 474 1976; x_wconf 82' lang='lat' dir='ltr'>Sed</span> <span class='ocrx_word' id='word_1_113' title='bbox 496 1908 605 1995; x_wconf 88' lang='lat' dir='ltr'>(saepe</span> <span class='ocrx_word' id='word_1_114' title='bbox 632 1908 716 1974; x_wconf 91' lang='lat' dir='ltr'>enim</span> <span class='ocrx_word' id='word_1_115' title='bbox 742 1907 837 1974; x_wconf 89' lang='lat' dir='ltr'>redeo</span> <span class='ocrx_word' id='word_1_116' title='bbox 863 1910 905 1974; x_wconf 90' lang='lat' dir='ltr'>ad</span> <span class='ocrx_word' id='word_1_117' title='bbox 928 1908 1118 1994; x_wconf 78' lang='lat' dir='ltr'>Scipionem,</span> <span class='ocrx_word' id='word_1_118' title='bbox 1143 1910 1231 1976; x_wconf 87' lang='lat' dir='ltr'>ouius</span> <span class='ocrx_word' id='word_1_119' title='bbox 1254 1912 1356 1976; x_wconf 90' lang='lat' dir='ltr'>omnis</span> <span class='ocrx_word' id='word_1_120' title='bbox 1405 1914 1408 1918; x_wconf 76' lang='grc'><strong>’</strong></span> 
     </span>
     <span class='ocr_line' id='line_1_17' title="bbox 322 2009 1357 2097; baseline 0.002 -20"><span class='ocrx_word' id='word_1_121' title='bbox 322 2033 423 2077; x_wconf 92' lang='lat' dir='ltr'>sermo</span> <span class='ocrx_word' id='word_1_122' title='bbox 454 2019 521 2077; x_wconf 90' lang='lat' dir='ltr'>erat</span> <span class='ocrx_word' id='word_1_123' title='bbox 551 2010 591 2077; x_wconf 94' lang='lat' dir='ltr'>de</span> <span class='ocrx_word' id='word_1_124' title='bbox 620 2009 772 2097; x_wconf 84' lang='lat' dir='ltr'>amicitia)</span> <span class='ocrx_word' id='word_1_125' title='bbox 805 2013 1003 2093; x_wconf 87' lang='lat' dir='ltr'>querebatur,</span> <span class='ocrx_word' id='word_1_126' title='bbox 1032 2011 1116 2094; x_wconf 93' lang='lat' dir='ltr'>quod</span> <span class='ocrx_word' id='word_1_127' title='bbox 1146 2013 1292 2079; x_wconf 91' lang='lat' dir='ltr'>omnibus</span> <span class='ocrx_word' id='word_1_128' title='bbox 1323 2015 1357 2079; x_wconf 94' lang='lat' dir='ltr'>in</span> 
     </span>
     <span class='ocr_line' id='line_1_18' title="bbox 322 2115 1356 2200; baseline 0.002 -20"><span class='ocrx_word' id='word_1_129' title='bbox 322 2117 416 2181; x_wconf 91' lang='lat' dir='ltr'>rebus</span> <span class='ocrx_word' id='word_1_130' title='bbox 438 2115 581 2180; x_wconf 89' lang='lat' dir='ltr'>homines</span> <span class='ocrx_word' id='word_1_131' title='bbox 604 2115 818 2197; x_wconf 80' lang='lat' dir='ltr'>diligentiores</span> <span class='ocrx_word' id='word_1_132' title='bbox 841 2123 963 2199; x_wconf 87' lang='lat' dir='ltr'>essent;</span> <span class='ocrx_word' id='word_1_133' title='bbox 993 2136 1103 2200; x_wconf 73' lang='lat' dir='ltr'>capras</span> <span class='ocrx_word' id='word_1_134' title='bbox 1126 2122 1158 2180; x_wconf 92' lang='lat' dir='ltr'>et</span> <span class='ocrx_word' id='word_1_135' title='bbox 1180 2136 1257 2182; x_wconf 88' lang='lat' dir='ltr'>oves</span> <span class='ocrx_word' id='word_1_136' title='bbox 1280 2125 1356 2199; x_wconf 92' lang='lat' dir='ltr'>quot</span> 
     </span>
     <span class='ocr_line' id='line_1_19' title="bbox 323 2217 1356 2302; baseline 0.002 -19"><span class='ocrx_word' id='word_1_137' title='bbox 323 2219 454 2302; x_wconf 90' lang='lat' dir='ltr'>quisque</span> <span class='ocrx_word' id='word_1_138' title='bbox 477 2217 617 2299; x_wconf 88' lang='lat' dir='ltr'>haberet,</span> <span class='ocrx_word' id='word_1_139' title='bbox 642 2217 747 2282; x_wconf 89' lang='lat' dir='ltr'>dioere</span> <span class='ocrx_word' id='word_1_140' title='bbox 769 2238 872 2302; x_wconf 87' lang='lat' dir='ltr'>posse,</span> <span class='ocrx_word' id='word_1_141' title='bbox 895 2218 1013 2283; x_wconf 87' lang='lat' dir='ltr'>amieos</span> <span class='ocrx_word' id='word_1_142' title='bbox 1036 2226 1112 2300; x_wconf 91' lang='lat' dir='ltr'>quot</span> <span class='ocrx_word' id='word_1_143' title='bbox 1133 2218 1275 2300; x_wconf 87' lang='lat' dir='ltr'>haberet,</span> <span class='ocrx_word' id='word_1_144' title='bbox 1292 2241 1356 2285; x_wconf 92' lang='lat' dir='ltr'>non</span> 
     </span>
     <span class='ocr_line' id='line_1_20' title="bbox 322 2320 1355 2407; baseline 0.001 -21"><span class='ocrx_word' id='word_1_145' title='bbox 322 2342 415 2406; x_wconf 89' lang='lat' dir='ltr'>posse</span> <span class='ocrx_word' id='word_1_146' title='bbox 431 2321 546 2402; x_wconf 78' lang='lat' dir='ltr'>dicere,</span> <span class='ocrx_word' id='word_1_147' title='bbox 562 2328 593 2386; x_wconf 93' lang='lat' dir='ltr'>et</span> <span class='ocrx_word' id='word_1_148' title='bbox 608 2322 641 2385; x_wconf 92' lang='lat' dir='ltr'>in</span> <span class='ocrx_word' id='word_1_149' title='bbox 657 2320 718 2387; x_wconf 93' lang='lat' dir='ltr'>illis</span> <span class='ocrx_word' id='word_1_150' title='bbox 740 2321 867 2403; x_wconf 91' lang='lat' dir='ltr'>quidem</span> <span class='ocrx_word' id='word_1_151' title='bbox 890 2321 1040 2407; x_wconf 88' lang='lat' dir='ltr'>parandis</span> <span class='ocrx_word' id='word_1_152' title='bbox 1062 2321 1214 2387; x_wconf 89' lang='lat' dir='ltr'>adhibere</span> <span class='ocrx_word' id='word_1_153' title='bbox 1237 2343 1355 2404; x_wconf 83' lang='lat' dir='ltr'>euram,</span> 
     </span>
     <span class='ocr_line' id='line_1_21' title="bbox 322 2424 1355 2510; baseline 0.002 -21"><span class='ocrx_word' id='word_1_154' title='bbox 322 2427 355 2490; x_wconf 92' lang='lat' dir='ltr'>in</span> <span class='ocrx_word' id='word_1_155' title='bbox 381 2425 491 2489; x_wconf 87' lang='lat' dir='ltr'>amieis</span> <span class='ocrx_word' id='word_1_156' title='bbox 519 2424 673 2508; x_wconf 80' lang='lat' dir='ltr'>eligendis</span> <span class='ocrx_word' id='word_1_157' title='bbox 701 2426 906 2510; x_wconf 88' lang='lat' dir='ltr'>neglegentes</span> <span class='ocrx_word' id='word_1_158' title='bbox 934 2445 1004 2491; x_wconf 88' lang='lat' dir='ltr'>esse</span> <span class='ocrx_word' id='word_1_159' title='bbox 1030 2446 1089 2490; x_wconf 90' lang='lat' dir='ltr'>nee</span> <span class='ocrx_word' id='word_1_160' title='bbox 1118 2425 1237 2491; x_wconf 88' lang='lat' dir='ltr'>habere</span> <span class='ocrx_word' id='word_1_161' title='bbox 1264 2428 1355 2509; x_wconf 89' lang='lat' dir='ltr'>quasi</span> 
     </span>
     <span class='ocr_line' id='line_1_22' title="bbox 323 2526 1357 2612; baseline 0.002 -19"><span class='ocrx_word' id='word_1_162' title='bbox 323 2529 414 2612; x_wconf 88' lang='lat' dir='ltr'>signa</span> <span class='ocrx_word' id='word_1_163' title='bbox 444 2526 600 2608; x_wconf 89' lang='lat' dir='ltr'>quaedam</span> <span class='ocrx_word' id='word_1_164' title='bbox 631 2535 662 2593; x_wconf 92' lang='lat' dir='ltr'>et</span> <span class='ocrx_word' id='word_1_165' title='bbox 692 2535 793 2610; x_wconf 87' lang='lat' dir='ltr'>notas,</span> <span class='ocrx_word' id='word_1_166' title='bbox 817 2529 930 2611; x_wconf 89' lang='lat' dir='ltr'>quibus</span> <span class='ocrx_word' id='word_1_167' title='bbox 961 2549 1024 2609; x_wconf 89' lang='lat' dir='ltr'>eos,</span> <span class='ocrx_word' id='word_1_168' title='bbox 1052 2529 1106 2611; x_wconf 92' lang='lat' dir='ltr'>qui</span> <span class='ocrx_word' id='word_1_169' title='bbox 1132 2527 1174 2593; x_wconf 90' lang='lat' dir='ltr'>ad</span> <span class='ocrx_word' id='word_1_170' title='bbox 1201 2526 1357 2595; x_wconf 87' lang='lat' dir='ltr'>amieitias</span> 
     </span>
     <span class='ocr_line' id='line_1_23' title="bbox 323 2629 1403 2717; baseline 0.002 -21"><span class='ocrx_word' id='word_1_171' title='bbox 323 2637 430 2696; x_wconf 89' lang='lat' dir='ltr'>essent</span> <span class='ocrx_word' id='word_1_172' title='bbox 455 2630 571 2712; x_wconf 88' lang='lat' dir='ltr'>idonei,</span> <span class='ocrx_word' id='word_1_173' title='bbox 598 2629 783 2696; x_wconf 85' lang='lat' dir='ltr'>ludioarent.</span> <span class='ocrx_word' id='word_1_174' title='bbox 830 2632 911 2698; x_wconf 81' lang='lat' dir='ltr'>Sunt</span> <span class='ocrx_word' id='word_1_175' title='bbox 936 2632 1032 2715; x_wconf 89' lang='lat' dir='ltr'>igitur</span> <span class='ocrx_word' id='word_1_176' title='bbox 1057 2631 1139 2696; x_wconf 89' lang='lat' dir='ltr'>firmi</span> <span class='ocrx_word' id='word_1_177' title='bbox 1166 2638 1198 2697; x_wconf 90' lang='lat' dir='ltr'>et</span> <span class='ocrx_word' id='word_1_178' title='bbox 1227 2630 1357 2698; x_wconf 84' lang='lat' dir='ltr'>stabiles</span> <span class='ocrx_word' id='word_1_179' title='bbox 1400 2711 1403 2717; x_wconf 26' lang='grc' dir='ltr'>Ι</span> 
     </span>
     <span class='ocr_line' id='line_1_24' title="bbox 323 2733 1354 2819; baseline 0.002 -20"><span class='ocrx_word' id='word_1_180' title='bbox 323 2741 355 2799; x_wconf 90' lang='lat' dir='ltr'>et</span> <span class='ocrx_word' id='word_1_181' title='bbox 369 2739 550 2799; x_wconf 83' lang='lat' dir='ltr'>constantes</span> <span class='ocrx_word' id='word_1_182' title='bbox 565 2733 721 2818; x_wconf 88' lang='lat' dir='ltr'>eligendi;</span> <span class='ocrx_word' id='word_1_183' title='bbox 746 2736 834 2799; x_wconf 90' lang='lat' dir='ltr'>euius</span> <span class='ocrx_word' id='word_1_184' title='bbox 856 2735 982 2818; x_wconf 89' lang='lat' dir='ltr'>generis</span> <span class='ocrx_word' id='word_1_185' title='bbox 1004 2742 1053 2800; x_wconf 90' lang='lat' dir='ltr'>est</span> <span class='ocrx_word' id='word_1_186' title='bbox 1074 2755 1192 2819; x_wconf 91' lang='lat' dir='ltr'>magna</span> <span class='ocrx_word' id='word_1_187' title='bbox 1213 2736 1354 2818; x_wconf 89' lang='lat' dir='ltr'>penuria.</span> 
     </span>
     <span class='ocr_line' id='line_1_25' title="bbox 322 2835 1357 2923; baseline 0.003 -22"><span class='ocrx_word' id='word_1_188' title='bbox 322 2837 362 2901; x_wconf 82' lang='lat' dir='ltr'>Et</span> <span class='ocrx_word' id='word_1_189' title='bbox 388 2835 527 2901; x_wconf 89' lang='lat' dir='ltr'>iudioare</span> <span class='ocrx_word' id='word_1_190' title='bbox 554 2835 683 2902; x_wconf 83' lang='lat' dir='ltr'>difficile</span> <span class='ocrx_word' id='word_1_191' title='bbox 710 2844 758 2903; x_wconf 91' lang='lat' dir='ltr'>est</span> <span class='ocrx_word' id='word_1_192' title='bbox 784 2858 860 2903; x_wconf 91' lang='lat' dir='ltr'>sane</span> <span class='ocrx_word' id='word_1_193' title='bbox 886 2838 947 2904; x_wconf 89' lang='lat' dir='ltr'>nisi</span> <span class='ocrx_word' id='word_1_194' title='bbox 975 2844 1157 2923; x_wconf 81' lang='lat' dir='ltr'>expertum3</span> <span class='ocrx_word' id='word_1_195' title='bbox 1194 2838 1357 2922; x_wconf 84' lang='lat' dir='ltr'>experien-</span> 
     </span>
     <span class='ocr_line' id='line_1_26' title="bbox 322 2939 1358 3025; baseline 0.003 -22"><span class='ocrx_word' id='word_1_196' title='bbox 322 2939 397 3004; x_wconf 92' lang='lat' dir='ltr'>dum</span> <span class='ocrx_word' id='word_1_197' title='bbox 420 2945 525 3004; x_wconf 91' lang='lat' dir='ltr'>autem</span> <span class='ocrx_word' id='word_1_198' title='bbox 548 2940 650 3005; x_wconf 87' lang='lat' dir='ltr'>estin</span> <span class='ocrx_word' id='word_1_199' title='bbox 673 2939 744 3025; x_wconf 87' lang='lat' dir='ltr'>ipsa</span> <span class='ocrx_word' id='word_1_200' title='bbox 765 2941 913 3005; x_wconf 90' lang='lat' dir='ltr'>amioitia.</span> <span class='ocrx_word' id='word_1_201' title='bbox 952 2942 1002 3006; x_wconf 85' lang='lat' dir='ltr'>Ita</span> <span class='ocrx_word' id='word_1_202' title='bbox 1024 2941 1197 3025; x_wconf 83' lang='lat' dir='ltr'>praecurrit</span> <span class='ocrx_word' id='word_1_203' title='bbox 1217 2942 1358 3006; x_wconf 87' lang='lat' dir='ltr'>amioitia</span> 
     </span>
    </p>

    <p class='ocr_par' dir='ltr' id='par_1_5' title="bbox 272 3042 1359 3953">
     <span class='ocr_line' id='line_1_27' title="bbox 272 3042 1357 3129; baseline -0.002 -17"><span class='ocrx_word' id='word_1_204' title='bbox 272 3065 304 3112; x_wconf 81' lang='lat' dir='ltr'>oa</span> <span class='ocrx_word' id='word_1_205' title='bbox 323 3042 473 3107; x_wconf 91' lang='lat' dir='ltr'>iudioium</span> <span class='ocrx_word' id='word_1_206' title='bbox 496 3044 638 3125; x_wconf 92' lang='lat' dir='ltr'>tollitque</span> <span class='ocrx_word' id='word_1_207' title='bbox 661 3043 846 3128; x_wconf 83' lang='lat' dir='ltr'>experiendi</span> <span class='ocrx_word' id='word_1_208' title='bbox 869 3049 1066 3128; x_wconf 90' lang='lat' dir='ltr'>potestatem.</span> <span class='ocrx_word' id='word_1_209' title='bbox 1090 3044 1147 3109; x_wconf 82' lang='lat' dir='ltr'>Est</span> <span class='ocrx_word' id='word_1_210' title='bbox 1168 3042 1265 3127; x_wconf 92' lang='lat' dir='ltr'>igitur</span> <span class='ocrx_word' id='word_1_211' title='bbox 1287 3065 1357 3129; x_wconf 82' lang='lat' dir='ltr'>pru-</span> 
     </span>
     <span class='ocr_line' id='line_1_28' title="bbox 323 3145 1357 3231; baseline 0.003 -21"><span class='ocrx_word' id='word_1_212' title='bbox 323 3145 426 3211; x_wconf 89' lang='lat' dir='ltr'>dentis</span> <span class='ocrx_word' id='word_1_213' title='bbox 453 3147 607 3211; x_wconf 89' lang='lat' dir='ltr'>sustinere</span> <span class='ocrx_word' id='word_1_214' title='bbox 637 3154 672 3211; x_wconf 90' lang='lat' dir='ltr'>ut</span> <span class='ocrx_word' id='word_1_215' title='bbox 698 3168 831 3228; x_wconf 81' lang='lat' dir='ltr'>currum,</span> <span class='ocrx_word' id='word_1_216' title='bbox 860 3147 905 3212; x_wconf 93' lang='lat' dir='ltr'>sio</span> <span class='ocrx_word' id='word_1_217' title='bbox 934 3147 1086 3231; x_wconf 91' lang='lat' dir='ltr'>impetum</span> <span class='ocrx_word' id='word_1_218' title='bbox 1113 3146 1357 3229; x_wconf 83' lang='lat' dir='ltr'>benivolentiae,</span> 
     </span>
     <span class='ocr_line' id='line_1_29' title="bbox 323 3248 1357 3335; baseline 0.003 -23"><span class='ocrx_word' id='word_1_219' title='bbox 323 3272 362 3312; x_wconf 77' lang='lat' dir='ltr'>aa</span> <span class='ocrx_word' id='word_1_220' title='bbox 384 3269 446 3331; x_wconf 91' lang='lat' dir='ltr'>quo</span> <span class='ocrx_word' id='word_1_221' title='bbox 469 3255 593 3314; x_wconf 85' lang='lat' dir='ltr'>utamur</span> <span class='ocrx_word' id='word_1_222' title='bbox 616 3250 705 3332; x_wconf 89' lang='lat' dir='ltr'>quasi</span> <span class='ocrx_word' id='word_1_223' title='bbox 728 3251 816 3332; x_wconf 92' lang='lat' dir='ltr'>equis</span> <span class='ocrx_word' id='word_1_224' title='bbox 838 3251 1008 3335; x_wconf 88' lang='lat' dir='ltr'>temptatis,</span> <span class='ocrx_word' id='word_1_225' title='bbox 1025 3250 1071 3315; x_wconf 87' lang='lat' dir='ltr'>sie</span> <span class='ocrx_word' id='word_1_226' title='bbox 1085 3248 1225 3313; x_wconf 88' lang='lat' dir='ltr'>amioitia</span> <span class='ocrx_word' id='word_1_227' title='bbox 1243 3271 1285 3314; x_wconf 80' lang='lat' dir='ltr'>ex</span> <span class='ocrx_word' id='word_1_228' title='bbox 1304 3251 1357 3315; x_wconf 90' lang='lat' dir='ltr'>ali-</span> 
     </span>
     <span class='ocr_line' id='line_1_30' title="bbox 323 3351 1358 3439; baseline 0.002 -22"><span class='ocrx_word' id='word_1_229' title='bbox 323 3373 385 3435; x_wconf 87' lang='lat' dir='ltr'>qua</span> <span class='ocrx_word' id='word_1_230' title='bbox 407 3359 496 3437; x_wconf 88' lang='lat' dir='ltr'>parte</span> <span class='ocrx_word' id='word_1_231' title='bbox 518 3354 702 3436; x_wconf 82' lang='lat' dir='ltr'>periclitatis</span> <span class='ocrx_word' id='word_1_232' title='bbox 724 3354 862 3418; x_wconf 91' lang='lat' dir='ltr'>moribus</span> <span class='ocrx_word' id='word_1_233' title='bbox 884 3353 1065 3418; x_wconf 88' lang='lat' dir='ltr'>amioorum.</span> <span class='ocrx_word' id='word_1_234' title='bbox 1102 3351 1237 3429; x_wconf 78' lang='lat' dir='ltr'>Quidam</span> <span class='ocrx_word' id='word_1_235' title='bbox 1261 3373 1358 3439; x_wconf 91' lang='lat' dir='ltr'>saepe</span> 
     </span>
     <span class='ocr_line' id='line_1_31' title="bbox 322 3455 1358 3541; baseline 0.001 -22"><span class='ocrx_word' id='word_1_236' title='bbox 322 3455 356 3520; x_wconf 93' lang='lat' dir='ltr'>in</span> <span class='ocrx_word' id='word_1_237' title='bbox 378 3475 477 3539; x_wconf 88' lang='lat' dir='ltr'>parva</span> <span class='ocrx_word' id='word_1_238' title='bbox 498 3455 633 3539; x_wconf 79' lang='lat' dir='ltr'>pecunia</span> <span class='ocrx_word' id='word_1_239' title='bbox 655 3456 886 3541; x_wconf 81' lang='lat' dir='ltr'>perspiciuntur</span> <span class='ocrx_word' id='word_1_240' title='bbox 908 3476 1003 3538; x_wconf 90' lang='lat' dir='ltr'>quam</span> <span class='ocrx_word' id='word_1_241' title='bbox 1026 3457 1089 3520; x_wconf 89' lang='lat' dir='ltr'>sint</span> <span class='ocrx_word' id='word_1_242' title='bbox 1109 3455 1207 3536; x_wconf 83' lang='lat' dir='ltr'>leves,</span> <span class='ocrx_word' id='word_1_243' title='bbox 1229 3455 1358 3537; x_wconf 86' lang='lat' dir='ltr'>quidam</span> 
     </span>
     <span class='ocr_line' id='line_1_32' title="bbox 322 3559 1359 3643; baseline 0.004 -22"><span class='ocrx_word' id='word_1_244' title='bbox 322 3564 438 3638; x_wconf 90' lang='lat' dir='ltr'>autem,</span> <span class='ocrx_word' id='word_1_245' title='bbox 463 3578 540 3639; x_wconf 93' lang='lat' dir='ltr'>quos</span> <span class='ocrx_word' id='word_1_246' title='bbox 563 3579 662 3642; x_wconf 89' lang='lat' dir='ltr'>parva</span> <span class='ocrx_word' id='word_1_247' title='bbox 687 3579 814 3623; x_wconf 89' lang='lat' dir='ltr'>movere</span> <span class='ocrx_word' id='word_1_248' title='bbox 841 3580 905 3623; x_wconf 93' lang='lat' dir='ltr'>non</span> <span class='ocrx_word' id='word_1_249' title='bbox 932 3559 1042 3643; x_wconf 88' lang='lat' dir='ltr'>potuit,</span> <span class='ocrx_word' id='word_1_250' title='bbox 1066 3565 1298 3640; x_wconf 89' lang='lat' dir='ltr'>oognosountur</span> <span class='ocrx_word' id='word_1_251' title='bbox 1325 3560 1359 3624; x_wconf 92' lang='lat' dir='ltr'>in</span> 
     </span>
     <span class='ocr_line' id='line_1_33' title="bbox 323 3659 1358 3746; baseline 0.005 -23"><span class='ocrx_word' id='word_1_252' title='bbox 323 3681 448 3742; x_wconf 89' lang='lat' dir='ltr'>magna.</span> <span class='ocrx_word' id='word_1_253' title='bbox 473 3660 529 3725; x_wconf 85' lang='lat' dir='ltr'>Sin</span> <span class='ocrx_word' id='word_1_254' title='bbox 550 3681 624 3727; x_wconf 85' lang='lat' dir='ltr'>vero</span> <span class='ocrx_word' id='word_1_255' title='bbox 647 3668 738 3726; x_wconf 90' lang='lat' dir='ltr'>erunt</span> <span class='ocrx_word' id='word_1_256' title='bbox 760 3661 857 3743; x_wconf 91' lang='lat' dir='ltr'>aliqui</span> <span class='ocrx_word' id='word_1_257' title='bbox 876 3661 1002 3746; x_wconf 81' lang='lat' dir='ltr'>reperti,</span> <span class='ocrx_word' id='word_1_258' title='bbox 1019 3662 1072 3742; x_wconf 92' lang='lat' dir='ltr'>qui</span> <span class='ocrx_word' id='word_1_259' title='bbox 1087 3659 1255 3744; x_wconf 77' lang='lat' dir='ltr'>pecuniam</span> <span class='ocrx_word' id='word_1_260' title='bbox 1270 3682 1358 3745; x_wconf 88' lang='lat' dir='ltr'>prae·</span> 
     </span>
     <span class='ocr_line' id='line_1_34' title="bbox 323 3763 1358 3848; baseline 0.005 -21"><span class='ocrx_word' id='word_1_261' title='bbox 323 3763 404 3828; x_wconf 83' lang='lat' dir='ltr'>ferre</span> <span class='ocrx_word' id='word_1_262' title='bbox 426 3763 584 3829; x_wconf 86' lang='lat' dir='ltr'>amioitiae</span> <span class='ocrx_word' id='word_1_263' title='bbox 607 3764 767 3830; x_wconf 90' lang='lat' dir='ltr'>sordidum</span> <span class='ocrx_word' id='word_1_264' title='bbox 787 3765 978 3847; x_wconf 83' lang='lat' dir='ltr'>existiment,</span> <span class='ocrx_word' id='word_1_265' title='bbox 993 3765 1048 3829; x_wconf 88' lang='lat' dir='ltr'>ubi</span> <span class='ocrx_word' id='word_1_266' title='bbox 1071 3783 1125 3828; x_wconf 93' lang='lat' dir='ltr'>eos</span> <span class='ocrx_word' id='word_1_267' title='bbox 1147 3763 1358 3848; x_wconf 85' lang='lat' dir='ltr'>inveniemus,</span> 
     </span>
     <span class='ocr_line' id='line_1_35' title="bbox 325 3864 1359 3953; baseline 0.006 -24"><span class='ocrx_word' id='word_1_268' title='bbox 325 3866 378 3947; x_wconf 90' lang='lat' dir='ltr'>qui</span> <span class='ocrx_word' id='word_1_269' title='bbox 404 3864 548 3949; x_wconf 83' lang='lat' dir='ltr'>honores,</span> <span class='ocrx_word' id='word_1_270' title='bbox 570 3868 783 3951; x_wconf 87' lang='lat' dir='ltr'>magistratus,</span> <span class='ocrx_word' id='word_1_271' title='bbox 806 3868 948 3952; x_wconf 88' lang='lat' dir='ltr'>imperia,</span> <span class='ocrx_word' id='word_1_272' title='bbox 971 3872 1151 3953; x_wconf 88' lang='lat' dir='ltr'>potestates,</span> <span class='ocrx_word' id='word_1_273' title='bbox 1179 3886 1257 3951; x_wconf 86' lang='lat' dir='ltr'>opes</span> <span class='ocrx_word' id='word_1_274' title='bbox 1283 3871 1359 3935; x_wconf 88' lang='lat' dir='ltr'>ami-</span> 
     </span>
    </p>
   </div>
   <div class='ocr_carea' id='block_1_3' title="bbox 0 0 1525 4350">
    <p class='ocr_par' dir='ltr' id='par_1_6' title="bbox 0 0 1525 4350">
     <span class='ocr_line' id='line_1_36' title="bbox 0 0 1525 4350; baseline 0 0"><span class='ocrx_word' id='word_1_275' title='bbox 0 0 1525 4350; x_wconf 95' lang='lat' dir='ltr'> </span> 
     </span>
    </p>
   </div>
  </div>
 </body>
</html>
