3026 4350
501 203 582 260 cun.
597 209 637 274 12,
652 209 691 263 ra
710 206 846 270 sar-rs.
1145 200 1184 264 17

157 395 254 461 audio
275 392 436 477 sapientes
456 383 581 449 habitos
603 384 636 446 in
659 380 800 462 Graecia,
823 382 977 465 placuisse
999 387 1109 471 opinor
1130 389 1186 455 mi·

157 497 270 563 rabilia
292 493 448 578 quaedam
471 487 542 575 (sed
563 485 641 550 nihil
664 483 824 565 estquod
846 485 890 549 illi
913 508 976 553 nen
997 510 1186 574 persequan-

158 609 209 665 tur
230 597 390 683 argutiis):
413 593 526 680 partim
550 585 716 672 fugiendas
739 605 808 651 esse
830 589 942 654 nimias
964 592 1128 676 amicitias,
1143 615 1186 660 ne

158 723 288 769 necesse
319 702 359 767 sit
387 718 486 763 unum
514 692 683 760 ¹sollicitum
717 710 788 756 esse
820 711 877 776 pro
909 694 1070 779 pluribus,
1108 699 1185 763 satis

159 824 314 890 superque
341 821 410 868 esse
437 799 497 865 sibi
524 815 650 861 suarum
677 793 789 874 cuique
814 814 927 877 rerum,
954 797 1065 863 ahenis
1091 799 1184 866 nimis

157 908 311 993 implicari
344 906 510 970 molestum
543 919 632 982 esse3
671 896 954 963 commodissimum
988 920 1057 966 esse
1091 923 1184 984 quam

158 1011 337 1076 laxissimas
364 1007 505 1072 habenas
530 1002 648 1067 habere
669 1000 837 1081 amicitiae,
860 1020 939 1083 quas
961 1003 1013 1068 vel
1034 1003 1183 1087 adducas,

159 1133 230 1179 cum
257 1110 421 1194 velis,ch
447 1107 605 1189 remittas,
637 1109 730 1186 caput
756 1103 839 1168 enim
866 1124 937 1169 esse
962 1104 1004 1169 ad
1026 1107 1119 1172 beate
1140 1108 1184 1173 vi·
1258 1159 1261 1165 ,

158 1214 297 1281 nendum
316 1214 525 1292 securitatem,
540 1228 603 1291 qua
624 1206 686 1271 frui
707 1226 771 1271 non
792 1207 891 1290 possit
912 1208 1044 1290 animus,
1060 1211 1088 1276 si
1108 1218 1184 1276 tam·

159 1339 254 1402 quam
276 1316 427 1403 parturiat
452 1333 533 1378 unus
559 1332 616 1396 pro
641 1310 790 1394 pluribus.
836 1309 923 1376 Alios
947 1318 1052 1377 autem
1079 1312 1183 1380 dicere
1201 1331 1235 1378 46

158 1422 248 1485 aiunt
279 1420 377 1485 multo
410 1418 505 1482 ctiam
537 1413 738 1480 inhumanius
769 1415 877 1497 (quem
908 1414 1010 1479 locum
1046 1417 1183 1482 breviter

158 1525 252 1609 paulo
274 1530 348 1588 ante
370 1518 553 1607 perstrinxi)
575 1516 723 1603 praesidii
744 1515 978 1600 adiumentique
1000 1538 1183 1602 cassanen

159 1626 390 1693 benivolentiae
413 1643 516 1707 neque
538 1620 676 1686 caritatis
698 1620 853 1684 amicitias
875 1639 944 1686 esse
970 1624 1182 1709 expetendas,

158 1731 275 1812 itaque,
291 1735 326 1794 ut
344 1729 476 1812 quisque
498 1725 660 1790 minimum
682 1722 838 1789 firmitatis
856 1723 987 1790 haberet
1008 1727 1182 1791 minimum·

160 1853 221 1915 que
242 1832 365 1912 virium,
388 1832 432 1895 ita
453 1827 608 1894 amicitias
634 1826 783 1910 adpetere
809 1827 962 1912 maxime,
993 1847 1033 1893 ex
1056 1850 1093 1894 eo
1114 1830 1183 1895 fieri

159 1942 194 2000 ut
225 1934 425 1999 mulierculae
457 1932 559 2014 magis
594 1928 801 1994 amicitiarum
837 1929 994 2012 praesidia
1030 1940 1182 2013 quaerant

160 2059 253 2120 quam
279 2036 339 2101 uiri
365 2042 397 2100 et
421 2036 532 2118 inopes
555 2053 648 2114 quam
674 2032 814 2116 opulenti
841 2037 872 2096 et
894 2032 1065 2099 calamitosi
1088 2055 1181 2117 quam

159 2142 190 2221 ii,
214 2140 268 2223 qui
289 2145 437 2223 putentur
459 2138 553 2204 beati.
583 2135 610 2202 Ο
632 2136 824 2219 praeclaram
848 2136 1050 2220 sapientiam!
1077 2139 1180 2205 Solem
1198 2149 1232 2197 au

159 2244 243 2308 enim
273 2262 291 2307 e
319 2241 437 2307 mundo
468 2241 576 2305 tollere
605 2237 761 2318 videntur,
784 2238 838 2320 qui
867 2238 1037 2304 amicitiam
1068 2261 1086 2304 e
1115 2242 1181 2307 vita

159 2346 280 2427 tollunt,
307 2364 370 2427 qua
399 2343 476 2408 nihil
505 2363 526 2406 a
555 2340 604 2406 dis
632 2340 848 2405 inmortalibus
877 2342 989 2408 melius
1018 2344 1179 2426 habemus,

159 2449 237 2513 nihil
251 2446 425 2513 iucundius.
449 2445 538 2522 Quae
561 2451 608 2509 est
631 2444 714 2509 enim
735 2444 806 2508 ista‘
818 2445 967 2510 securitas
990 2449 1094 2530 specie
1116 2449 1181 2529 qui-

158 2550 230 2616 dem
257 2549 383 2631 blanda,
407 2549 463 2615 scd
488 2568 600 2631 reapse
627 2547 730 2612 multis
756 2547 832 2612 lucis
857 2547 1077 2630 repudianda?
1120 2552 1180 2616 Ne·

159 2674 220 2737 que
246 2655 330 2718 enim
357 2659 404 2718 est
431 2658 676 2736 consentaneum
698 2651 793 2714 ullam
815 2649 978 2716 honestam
1000 2672 1065 2716 rem
1087 2656 1180 2720 actio

158 2777 281 2837 nemve,
297 2776 339 2821 ne
354 2755 503 2821 sollicitus
518 2755 570 2835 sis,
586 2761 641 2817 aut
662 2773 725 2818 nou
748 2753 905 2837 suscipere
926 2760 981 2818 aut
1003 2763 1180 2838 susceptam

157 2859 325 2943 deponere.
368 2856 460 2934 Quod
481 2858 508 2922 si
531 2877 636 2921 curam
658 2856 805 2940 fugimus,
828 2857 927 2922 virtus
949 2857 1101 2941 fugienda
1122 2866 1179 2941 est,

158 2982 239 3045 quae
268 2980 397 3026 necesse
427 2968 475 3025 est
504 2981 575 3024 cum
604 2960 710 3041 aliqua
741 2980 815 3024 cura
843 2981 894 3025 res
924 2960 983 3025 sibi
1010 2964 1180 3027 contrarias

157 3072 342 3150 aspernetur
367 3072 461 3147 atque
487 3063 597 3144 oderit,
619 3068 653 3128 ut
679 3063 803 3128 bonitas
825 3065 985 3144 malitiam,
1008 3072 1181 3149 temperan-

158 3170 203 3234 tia
231 3167 404 3248 libidinem,
429 3166 590 3251 ignaviam
620 3165 784 3249 fortitud03
815 3167 921 3248 itaque
950 3166 1059 3233 videas
1087 3170 1180 3233 rebus

157 3272 282 3337 iniustis
308 3271 406 3335 iustos
431 3270 570 3334 maxime
596 3268 710 3348 dolere,
733 3268 900 3334 inbellibus
923 3269 1028 3351 fortes,
1052 3270 1180 3355 flagitio

157 3375 201 3442 sis
230 3372 395 3438 modestos.
441 3374 524 3455 Ergo
553 3372 613 3436 hoc
637 3372 796 3455 proprium
820 3380 867 3437 est
889 3374 985 3437 animi
1007 3374 1088 3439 bene
1111 3394 1180 3439 oon-

157 3476 267 3557 stituti,
290 3483 322 3541 et
342 3476 453 3540 laetari
474 3477 566 3541 bonis
588 3475 681 3540 rebus
703 3481 735 3538 et
757 3475 861 3540 dolere
884 3476 1053 3541 contrariis.
1078 3476 1178 3552 Quam
1197 3491 1228 3540 aa

156 3581 197 3647 ob
220 3600 296 3659 rem,
319 3579 346 3644 si
369 3578 453 3643 cadit
474 3579 507 3642 in
530 3578 704 3662 sapientem
726 3577 824 3641 animi
846 3578 942 3659 dolor,
965 3579 1018 3660 qui
1041 3579 1180 3662 profecto

157 3681 252 3763 cadit,
274 3683 336 3747 nisi
359 3702 399 3748 ex
422 3683 489 3747 eius
511 3682 616 3746 animo
644 3681 830 3775 extirpatanr
853 3681 1079 3746 humanitatem
1100 3683 1180 3747 arbi-

157 3795 286 3867 tramur,
305 3806 386 3867 quae
409 3805 503 3851 causa
526 3792 582 3866 est,
606 3804 660 3849 cur
681 3784 851 3850 amicitiam
873 3784 1014 3850 funditus
1036 3786 1179 3851 tollamus
