3026 4350
542 249 624 305 cnr.
636 254 678 320 25,
690 253 731 307 ιι.
750 253 887 315 sea-oe.
1181 231 1224 298 33

200 419 410 485 inmortalium
425 420 516 487 nobis
527 420 769 488 defendentibus
784 423 875 487 facile
890 421 1045 488 vincebat.
1073 421 1176 503 Atque
1190 419 1224 484 id

201 529 306 588 sctum
333 529 379 587 est
404 530 547 608 praetore
572 546 623 591 mo
649 526 862 607 quinquennio
887 532 971 605 ante,
994 544 1088 607 quam
1116 524 1225 590 consul

202 646 271 690 snm
293 625 410 711 sactus3
432 627 533 692 itare
554 629 656 712 magis
678 648 772 710 quam
794 648 917 693 summa
930 627 1114 693 auctoritate
1130 646 1224 691 causa

160 720 163 724 ⁴
202 729 256 791 illa
276 728 408 794 defensa
430 734 486 795 est.
524 729 616 806 Quod
638 731 719 795 siin
741 750 864 811 scaena,
886 729 920 793 id
943 735 991 795 est
1011 729 1045 793 in
1067 728 1223 809 contione,
1241 709 1279 829 ἓξ

201 830 234 895 in
265 851 327 912 qua
354 832 448 896 rebus
477 830 558 897 fictis
587 839 619 898 et
647 832 839 898 adumbratis
871 833 932 899 loci
965 833 1132 916 plurimum
1166 837 1223 911 ost,

202 940 308 997 tamen
330 954 439 998 verum
461 936 555 1015 valet,
578 936 605 999 si
628 935 720 1000 modo
746 934 780 998 id
806 933 999 1018 patefactum
1025 941 1057 999 et
1081 934 1224 998 inlustra-

202 1042 268 1099 tum
284 1042 340 1117 est,
357 1036 432 1117 quid
454 1036 487 1100 in
509 1037 646 1101 amicitia
667 1035 736 1101 fieri
757 1044 887 1121 oportet,
903 1056 984 1118 quae
1006 1042 1072 1101 tota
1093 1035 1224 1101 veritate

202 1137 425 1221 perpenditur?
448 1139 481 1202 in
496 1158 559 1220 qua
574 1138 644 1219 nisi,
655 1145 691 1203 ut
704 1137 825 1219 dicitur,
837 1145 979 1223 apertum
994 1144 1103 1222 pectus
1114 1137 1225 1203 videas

202 1246 353 1321 tuumque
367 1239 523 1321 ostendas,
535 1239 613 1304 nihil
624 1239 730 1320 fidum,
743 1240 821 1304 nihil
836 1241 1032 1325 exploratum
1042 1239 1170 1320 haoeas,
1183 1260 1224 1305 ne

202 1361 308 1406 amaro
323 1341 449 1423 quidem
464 1349 519 1406 aut
537 1342 646 1422 amari,
666 1361 736 1406 oum
759 1341 792 1406 id
814 1363 908 1424 quam
930 1362 1004 1408 voro
1019 1342 1074 1406 fiat
1088 1343 1223 1425 ignores.

288 1443 485 1526 Quamquam
512 1445 573 1509 ista
597 1444 782 1525 adsentatio,
804 1445 949 1526 quamvis
973 1445 1149 1528 perniciosa
1173 1444 1223 1525 sit,

202 1566 315 1611 nocere
341 1553 447 1611 tamen
474 1547 592 1611 nemini
612 1554 716 1631 potest
737 1547 798 1611 nisi
820 1547 858 1628 ei,
882 1548 935 1629 qui
957 1566 1027 1611 eam
1048 1546 1159 1630 recipit
1180 1552 1224 1610 at-

203 1669 264 1730 que
286 1669 325 1714 ea
345 1647 525 1714 delectatur.
549 1650 599 1713 Ita
621 1649 711 1713 litut
733 1649 761 1714 is
782 1648 1034 1714 adsectatoribus
1055 1648 1224 1732 patefaciat

202 1770 294 1816 aures
316 1770 389 1816 suas
410 1751 557 1830 maxime,
581 1751 634 1832 qui
656 1752 724 1835 ipse
750 1751 810 1816 sibi
836 1750 1018 1817 adsentatur
1044 1755 1076 1815 et
1101 1770 1136 1815 so
1160 1769 1223 1814 ma-

203 1854 288 1917 ximo
302 1854 371 1937 ipse
386 1853 527 1918 delectet.
551 1852 686 1919 Omnino
709 1859 757 1918 est
778 1873 889 1917 amans
907 1853 955 1918 sni
969 1853 1084 1936 virtus3
1108 1852 1223 1936 optime
1241 1867 1275 1914 os

203 1955 286 2019 enim
309 1975 343 2021 se
365 1955 435 2039 ipsa
457 1955 545 2020 novit
567 1975 721 2037 quamquo
742 1955 887 2021 amabilis
910 1955 951 2019 sit
971 1954 1132 2038 intellegit.
1156 1954 1224 2037 Ego

201 2064 307 2121 autem
329 2077 392 2122 non
415 2056 455 2121 de
476 2057 590 2121 virtute
612 2077 696 2121 nuno
720 2058 838 2138 loquor,
862 2057 918 2122 sed
944 2056 984 2122 dc
1010 2056 1133 2121 virtutis
1161 2055 1224 2139 opi-

201 2160 305 2224 nione.
342 2159 464 2224 Virtute
493 2159 577 2224 enim
606 2159 676 2243 ipsa
703 2179 766 2223 non
793 2166 858 2223 tam
885 2159 973 2222 multi
994 2157 1127 2242 praediti
1154 2176 1224 2221 esse

202 2282 297 2343 quam
311 2261 411 2326 videri
426 2262 543 2326 volunt.
567 2262 633 2325 Hos
647 2259 782 2325 delectat
797 2260 981 2339 adsentatio,
997 2261 1046 2324 his
1068 2259 1159 2324 fictus
1180 2258 1223 2321 ad

201 2365 339 2448 ipsorum
353 2364 544 2428 voluntatem
559 2383 661 2429 sermo
676 2383 746 2427 curu
761 2362 936 2443 adhibetur,
952 2363 1123 2427 orationem
1137 2360 1223 2425 illam

201 2486 316 2530 vanam
332 2466 541 2531 testimonium
555 2485 624 2530 esse
635 2464 762 2529 laudum
778 2485 901 2529 suarum
917 2470 1036 2548 putant.
1066 2463 1162 2527 Nulla
1176 2469 1228 2527 est

201 2568 297 2652 igitur
307 2568 386 2632 haec
400 2568 547 2648 amicitia,
559 2587 629 2632 cum
644 2568 722 2632 alter
735 2586 845 2632 verum
859 2566 967 2631 audire
982 2587 1045 2632 non
1056 2566 1132 2644 vult,
1144 2564 1223 2628 alter

201 2671 242 2735 ad
257 2669 471 2736 mentiendum
486 2676 613 2754 paratus
628 2676 684 2735 est.
715 2670 782 2734 Nec
793 2670 998 2753 parasitorum
1009 2670 1041 2733 in
1054 2666 1222 2733 comoediis

200 2772 377 2837 adsentatio
385 2772 489 2838 faceta
499 2773 589 2837 nobis
598 2771 833 2853 videretur,nisi
845 2779 950 2837 essent
960 2772 1075 2836 milites
1085 2769 1221 2853 gloriosi.

244 2876 397 2957 Magnas
418 2894 506 2940 vero
528 2894 642 2957 agere
663 2875 806 2958 gratias
828 2874 941 2938 Thais
963 2874 1076 2938 mihi?

200 2978 285 3044 Satis
308 2983 374 3040 erat
395 2975 600 3060 respondere:
633 2978 839 3059 ,magnas“;
865 2974 1087 3061 „ingentes“,
1110 2974 1221 3057 inquit.

201 3080 332 3162 Semper
357 3085 452 3161 auget
477 3077 658 3143 adsentator
679 3077 722 3157 id,
745 3077 829 3159 quod
850 3077 887 3158 is,
911 3079 999 3144 cuius
1020 3078 1061 3142 ad
1083 3078 1222 3146 volunta·

201 3187 264 3245 tem
288 3179 409 3261 dicitur,
431 3180 498 3245 vult
524 3200 593 3246 esse
619 3198 778 3263 magnum.
824 3178 927 3255 Quam
953 3181 992 3245 oh
1019 3200 1094 3261 rem,
1118 3201 1222 3262 quam·
1240 3190 1273 3236 90

201 3303 296 3365 quam
317 3282 434 3347 blanda
455 3282 517 3347 ista
537 3282 660 3346 vanitas
681 3280 766 3365 apud
789 3301 842 3346 eos
863 3283 956 3363 valet,
980 3282 1032 3363 qui
1054 3283 1115 3366 ipsi
1137 3284 1223 3348 illam

199 3384 361 3449 adlectant
374 3389 406 3450 et
419 3383 564 3464 invitant,
580 3390 686 3447 tamen
701 3383 796 3447 etiam
811 3384 970 3465 graviores
989 3387 1223 3451 constantiores·

201 3507 262 3570 quc
292 3485 483 3551 admonendi
512 3492 595 3566 sunt,
617 3490 652 3549 ut
677 3484 938 3566 animadvertant,
966 3506 1005 3551 uc
1032 3487 1146 3552 callida
1171 3488 1224 3552 ad-

201 3588 377 3654 sentatione
399 3587 570 3671 capiantur.
601 3587 717 3670 Aperte
739 3588 822 3651 enim
845 3587 1023 3652 adulantem
1046 3610 1138 3655 nemo
1160 3612 1223 3656 non

201 3690 298 3772 videt,
320 3691 382 3757 nisi
408 3690 461 3772 qui
487 3689 655 3753 admodum
683 3695 731 3754 est
752 3709 871 3771 excors,
899 3688 1028 3755 callidus
1049 3691 1102 3756 ille
1124 3700 1156 3758 et
1176 3714 1224 3758 oc-

203 3794 303 3859 cultus
324 3813 365 3858 ne
387 3813 421 3858 se
442 3792 589 3872 insinuet,
612 3790 749 3857 studiose
771 3793 946 3859 cavendum
968 3798 1032 3877 est3
1059 3814 1120 3860 nse
1140 3795 1224 3860 enim
