3026 4350
492 176 575 233 GAP.
589 179 698 234 13-15.
716 182 732 242 A
748 180 860 234 48—54.
1152 162 1192 227 19

161 353 291 418 caritate
312 351 399 435 vulgi
421 349 611 415 abhorreret.
655 350 757 433 Atque
780 350 875 415 etiam
897 349 975 415 mihi
998 350 1125 433 quidem
1147 351 1190 417 vi·
1209 372 1241 420 ει

160 456 275 521 dentur
297 455 350 537 qui
372 454 541 519 utilitatum
564 473 660 519 causa
681 453 805 538 lingunt
827 454 982 519 amicitias
1009 455 1192 520 amabilissi-

159 580 247 624 mum
272 556 389 624 nodum
416 557 575 622 amicitiae
602 556 719 622 tollere.
765 558 838 623 Non
866 557 949 621 enim
980 563 1044 622 tam
1075 559 1192 624 utilitas

160 668 252 747 parta
272 681 329 746 per
350 661 486 726 amicum
509 680 604 742 quam
626 659 720 724 amici
741 680 830 725 amor
851 660 920 744 ipse
945 659 1091 743 delectat,
1114 668 1191 726 tum-

160 785 221 848 que
248 762 326 829 illud
351 763 396 847 fit,
420 761 505 846 quod
530 763 571 827 ab
598 763 700 828 amico
728 770 776 828 θεῖ
802 763 986 847 profectum,
1010 764 1190 846 iucundum,

159 869 280 934 sicum
303 865 405 932 studio
432 873 480 932 est
506 865 696 951 prosectum3
725 871 910 949 tantumque
936 868 1037 948 abest,
1061 874 1095 932 ut
1116 867 1191 931 ami·

160 971 253 1035 citiae
280 976 406 1054 propter
430 968 639 1053 indigentiam
662 969 812 1050 colantur,
835 976 870 1034 ut
891 969 924 1052 ii,
947 971 1001 1052 qui
1024 970 1136 1054 opibus
1159 977 1191 1035 et

159 1073 259 1159 copiis
274 1074 474 1156 maximeque
489 1073 614 1154 virtute,
630 1072 664 1136 in
687 1093 750 1155 qua
771 1073 938 1157 plurimum
961 1080 1009 1139 est
1031 1073 1189 1158 praesidii,

158 1177 289 1242 minime
318 1177 446 1242 alterius
475 1176 649 1261 indigeant,
678 1175 891 1242 liberalissimi
922 1176 985 1242 sint
1015 1183 1046 1242 et
1075 1177 1189 1243 benefi-

159 1281 342 1347 acutissimi.

246 1386 350 1467 Atque
365 1381 451 1449 haud
465 1383 564 1449 sciam
584 1403 627 1448 an
648 1403 689 1448 ne
711 1403 790 1467 opus
813 1383 855 1449 sit
876 1381 1003 1465 quidem
1027 1383 1105 1448 nihil
1126 1403 1190 1449 um-

159 1510 255 1572 quam
277 1488 404 1555 omnino
422 1486 534 1553 deesse
555 1487 674 1553 amicis.
699 1487 762 1553 Ubi
785 1487 869 1551 enim
891 1486 997 1552 studia
1018 1493 1125 1552 nostra
1146 1487 1190 1552 vi-

158 1593 311 1678 guissent,
338 1592 366 1657 si
391 1609 563 1673 numquam
591 1589 729 1671 consilio,
757 1610 928 1673 numquam
958 1610 1054 1674 opera
1083 1596 1190 1657 nostra

159 1716 219 1761 nec
241 1695 326 1762 domi
348 1714 409 1760 nec
431 1693 560 1758 militiae
583 1693 688 1778 Scipio
711 1694 876 1778 eguisset?
899 1694 971 1759 Non
994 1694 1089 1778 igitur
1111 1694 1189 1758 utili-

158 1806 255 1864 tatem
282 1797 431 1880 amicitia,
454 1796 512 1862 sed
537 1797 655 1862 utilitas
680 1797 852 1861 amicitiam
880 1803 987 1862 secuta
1014 1805 1070 1862 θεῖ.
1116 1798 1189 1863 Non
1205 1780 1240 1900 ἐξ

159 1921 234 1988 ergo
249 1908 341 1967 erunt
355 1900 499 1966 homines
514 1900 635 1966 deliciis
650 1899 829 1966 diffluentes
844 1900 1003 1981 audiendi,
1020 1901 1048 1966 si
1063 1901 1189 1983 quando

159 2004 362 2086 deamicitia,
379 2024 472 2086 quam
491 2024 551 2070 nec
572 2024 631 2070 usu
653 2023 712 2068 nec
734 2004 856 2069 ratione
877 2003 997 2069 habent
1020 2005 1188 2090 cognitam,

159 2108 374 2194 disputabunt.
397 2109 481 2173 Nam
503 2109 573 2191 quis
595 2114 652 2189 est,
672 2128 728 2192 pro
751 2107 879 2173 deorum
902 2109 997 2173 fidem
1020 2115 1115 2190 atque
1138 2108 1189 2174 ho
1273 2172 1279 2183 „

158 2214 288 2293 minum,
312 2213 365 2294 qui
392 2212 477 2294 velit,
500 2219 535 2277 ut
564 2231 668 2294 neque
694 2210 805 2296 diligat
827 2232 1017 2295 quemquam
1040 2233 1099 2277 nec
1121 2213 1189 2297 ipse

158 2317 200 2382 ab
228 2316 290 2382 ullo
316 2315 474 2400 diligatur,
498 2314 710 2380 circumfluere
737 2315 882 2380 omuibus
909 2316 1007 2400 copiis
1033 2321 1129 2398 atque
1155 2316 1189 2381 in

159 2419 298 2485 omnium
319 2439 424 2484 rerum
449 2417 645 2484 abundantia
666 2418 799 2483 vivere?
843 2419 930 2484 Haec
957 2420 1041 2484 euim
1067 2426 1116 2485 est
1141 2426 1188 2503 ty·

158 2543 328 2589 rannorum
355 2522 422 2587 vita
448 2522 605 2604 nimirum,
627 2522 661 2587 in
687 2542 750 2604 qua
777 2522 863 2586 nulla
889 2522 978 2604 tides,
1002 2523 1088 2588 nulla
1114 2523 1189 2587 cari-

160 2633 219 2708 tas,
234 2626 321 2691 nulla
339 2626 461 2692 stabilis
480 2626 712 2692 benivolentiae
731 2632 834 2710 potest
854 2646 923 2691 esse
942 2626 1067 2708 fiducia,
1083 2628 1189 2691 omnia

160 2750 285 2814 semper
313 2736 459 2814 suspecta
487 2736 582 2812 atque
612 2729 754 2812 sollicita,
777 2730 881 2794 nullus
907 2730 994 2795 locus
1020 2730 1186 2796 amicitiae.

161 2833 239 2910 Quis
270 2834 354 2899 enim
383 2839 439 2898 aut
466 2854 537 2898 eum
564 2833 683 2916 diligat,
708 2852 800 2915 quem
827 2839 956 2916 metuat,
979 2840 1034 2899 aut
1060 2853 1141 2915 eum,
1169 2850 1239 2899 asa

160 2957 222 3020 quo
245 2957 279 3002 se
302 2937 399 3002 metui
421 2937 535 3021 putet?
574 2936 724 3002 Coluntur
750 2942 855 3000 tamen
883 2937 1081 3002 simulatione
1104 2937 1190 3001 dunr-

160 3047 250 3106 taxat
272 3038 314 3104 ad
335 3044 468 3124 tempus.
507 3038 598 3116 Quod
621 3039 648 3105 si
669 3039 759 3121 forte,
782 3047 817 3105 ut
838 3039 874 3105 fit
896 3041 1088 3124 plerumque,
1112 3041 1189 3105 ceci·

160 3143 284 3226 derunt,
307 3149 374 3208 tum
396 3143 596 3226 intellegitur,
620 3162 714 3224 quam
737 3143 854 3208 suerint
875 3144 985 3227 inopes
1007 3143 1187 3209 amicorum.

161 3245 253 3324 Quod
273 3246 478 3329 Tarquinium
501 3245 620 3311 dixisse
647 3245 760 3326 ferunt,
783 3252 850 3310 tum
877 3246 1057 3311 exulantem
1084 3267 1119 3311 se
1145 3247 1189 3311 in·

160 3350 329 3430 tellonisse,
346 3368 424 3430 quos
446 3348 525 3414 fidos
547 3349 665 3413 amicos
686 3347 858 3430 habuisset,
875 3369 952 3430 quos
973 3348 1098 3431 infidos,
1118 3370 1189 3414 cum
1275 3380 1277 3383 v

160 3454 224 3518 iam
253 3454 372 3519 neutris
398 3453 532 3537 gratiam
557 3453 675 3518 referre
701 3459 816 3537 posset.
862 3452 1059 3536 Quamquam
1085 3454 1188 3536 miror,
1207 3472 1240 3519 54

159 3558 214 3622 illa
225 3557 372 3641 superbia
383 3564 415 3621 et
429 3556 665 3641 importunitate
680 3556 707 3620 si
719 3576 907 3638 quemquam
922 3557 1057 3620 amicum
1072 3556 1189 3622 habere

160 3660 269 3746 potuit.
309 3661 413 3743 Atque
435 3667 470 3725 ut
491 3659 594 3741 huius,
618 3679 710 3741 quem
733 3659 810 3741 dixi,
834 3679 935 3724 mores
958 3678 1049 3725 veros
1070 3661 1189 3726 amicos

160 3784 273 3849 parare
299 3783 363 3829 non
385 3769 562 3848 potuerunt,
586 3762 632 3827 sic
653 3762 818 3827 multorum
841 3783 918 3847 opes
939 3764 1189 3847 praepotentium
