3026 4350
521 238 657 312 caeto,
669 245 712 299 ar.
730 246 745 306 e
763 244 874 299 ra-ro.
1172 226 1213 287 27

186 398 480 501 bitur.'urumpunt
493 434 590 500 saepe
605 413 683 479 vitia
697 413 868 479 amicorum
890 419 956 477 tum
979 410 1012 477 in
1033 411 1120 496 ipsos
1141 412 1216 477 anri·

186 538 249 599 cos,
272 524 341 582 tum
358 521 392 585 in
414 520 544 600 alienos,
568 538 700 601 quorum
722 523 829 581 tamen
850 515 892 581 ad
917 515 1036 581 amicos
1061 514 1216 581 redundet

185 621 327 686 infamia.
351 619 443 688 Tales
454 622 551 705 igitur
564 620 722 686 amicitiae
737 626 812 685 sunt
825 618 1010 686 remissione
1023 639 1099 684 usus
1114 619 1216 685 eluen-

185 724 247 789 dae
263 729 305 806 et,
320 730 356 788 ut
371 723 521 791 Oatonem
541 723 647 790 dicere
666 721 785 805 audivi,
801 721 990 788 dissuendae
1005 723 1106 807 magis
1121 742 1216 805 quam

185 825 430 909 discindendae‚
458 828 519 894 nisi
550 826 705 911 quaedam
736 825 906 891 admodum
934 825 1139 891 intolerabilis
1170 826 1216 891 in·

184 931 266 995 iuria
285 930 449 1012 exarserit,
460 938 497 996 ut
514 951 617 1014 neque
640 936 759 995 rectum
781 949 884 1012 neque
906 928 1072 994 honestum
1094 929 1136 994 sit
1155 949 1216 995 uec

184 1033 253 1099 fieri
268 1033 377 1118 possit,
393 1040 428 1098 ut
449 1054 512 1103 non
534 1034 639 1101 statim
662 1033 810 1098 alienatio
825 1031 1055 1114 disiunctioque
1069 1031 1216 1097 facienda

184 1137 234 1203 sit.
280 1136 337 1204 sin
367 1144 474 1202 autem
500 1144 556 1203 aut
584 1157 706 1202 morum
736 1142 790 1200 aut
816 1134 990 1200 studiorum
1015 1137 1215 1203 commutatio
1233 1151 1266 1201 tt

187 1238 354 1324 quaedam,
381 1245 417 1305 ut
442 1239 623 1319 deusdet,
650 1239 737 1304 facta
765 1238 825 1304 erit
853 1246 908 1303 aut
936 1238 970 1302 in
998 1239 1045 1304 rei
1070 1239 1215 1323 publicae

184 1343 328 1428 partibus
344 1342 499 1409 dissensio
514 1341 725 1408 intercesserit
740 1342 862 1428 (loquor
881 1342 965 1406 enim
983 1341 1058 1424 iam,
1073 1348 1108 1407 ut
1121 1344 1215 1426 paulo

184 1453 261 1511 ante
283 1445 362 1528 dixi,
385 1466 449 1511 non
472 1445 512 1512 de
535 1446 734 1532 sapientium,
757 1444 813 1512 sed
839 1445 880 1510 de
903 1446 1120 1512 communibus
1141 1447 1215 1512 ami·

184 1547 291 1635 eitiis),
307 1548 483 1615 cavendum
506 1549 574 1630 erit,
593 1569 634 1614 ne
655 1568 719 1613 non
742 1548 841 1614 solum
862 1548 1020 1613 amicitiae
1042 1547 1214 1633 depositae,

184 1651 354 1718 sedetiam
374 1651 547 1718 inimicitas
569 1658 734 1737 susceptae
756 1650 937 1739 videantur3
960 1652 1040 1717 nihil
1061 1653 1144 1718 enim
1167 1660 1216 1720 est

184 1755 306 1840 turpius
330 1776 424 1839 quam
447 1775 518 1821 oum
541 1775 578 1821 eo
600 1755 716 1821 bellum
738 1775 857 1840 gerere,
874 1774 1005 1838 quocum
1021 1755 1216 1821 familiariter

184 1858 312 1924 vixeris.
339 1859 390 1924 Ab
413 1859 552 1924 amicitia
574 1856 611 1935 Q.
627 1859 758 1943 Pompei
778 1877 850 1923 meo
871 1858 997 1923 nomine
1020 1878 1055 1924 se
1077 1879 1215 1925 remove·

183 1968 242 2044 rat,
265 1968 302 2027 ut
323 1963 419 2045 scitis,
442 1963 565 2048 Scipi05
596 1968 723 2047 propter
745 1961 973 2028 dissensionem
994 1969 1109 2044 autem,
1133 1983 1214 2045 quae

185 2066 311 2131 eratin
338 2066 535 2151 republica,
564 2066 720 2131 alienatus
750 2071 798 2131 est
827 2087 847 2129 a
877 2065 997 2150 collega
1025 2073 1131 2132 nostro
1153 2068 1214 2132 Me·

184 2169 274 2253 tello;
308 2177 475 2253 utrumque
506 2169 573 2253 egit
597 2169 736 2255 graviter
761 2175 793 2235 et
818 2168 991 2234 offensione
1019 2168 1117 2233 animi
1150 2191 1213 2236 nou

183 2272 307 2337 acerba.
343 2270 445 2348 Quam
469 2272 509 2337 ob
531 2292 597 2336 rem
620 2271 754 2356 primum
777 2270 883 2335 danda
904 2290 1000 2356 opera
1022 2278 1265 2355 estnequam

184 2375 356 2443 amicorum
386 2374 520 2440 discidia
552 2374 646 2460 fiant;
681 2375 730 2440 sin
760 2375 823 2440 tale
850 2373 970 2456 aliquid
1000 2376 1149 2457 evenerit,
1180 2385 1215 2442 ut

184 2479 346 2545 extinctae
371 2479 476 2565 potius
513 2479 671 2544 amicitiae
706 2499 798 2561 quam
837 2499 1005 2562 oppressae
1037 2478 1212 2548 videantur.

185 2581 369 2648 Cavendum
384 2603 470 2665 vero,
485 2603 527 2648 ue
543 2583 638 2648 etiam
652 2583 687 2648 in
701 2601 815 2668 graves
830 2582 1009 2648 inimicitias
1030 2592 1214 2650 convertant

184 2705 219 2750 se
237 2685 411 2772 amicitiae;
444 2706 484 2751 ex
511 2685 625 2768 quibus
651 2685 767 2770 iurgia,
797 2685 979 2767 maledicta,
1007 2688 1213 2753 contumeliae

182 2788 364 2873 gignuntur.
413 2787 502 2866 Quae
532 2796 638 2854 tamen
669 2789 696 2855 si
726 2788 903 2854 tolerabiles
933 2795 1033 2870 erunt,
1064 2789 1213 2856 ferendae

108 2937 111 2942 -
184 2898 267 2974 sunt,
295 2899 328 2958 et
350 2892 402 2957 hic
424 2892 524 2958 honos
545 2893 645 2958 veteri
674 2892 830 2957 amicitiae
859 2891 1052 2974 tribuendus,
1074 2900 1110 2957 ut
1131 2894 1158 2960 is
1180 2895 1213 2959 in

184 2995 277 3081 eulpa
299 2996 349 3078 sit,
374 2998 428 3079 qui
449 2995 556 3078 faciat,
576 3016 640 3060 non
661 2995 699 3078 is,
723 2995 777 3077 qui
798 2995 936 3079 patiatur
956 2995 1110 3062 iniuriam.

270 3097 406 3164 Omnino
436 3099 576 3164 omnium
605 3098 716 3163 horum
745 3097 890 3162 vitiorum
920 3105 1015 3180 atque
1047 3100 1214 3166 incommo-

184 3200 293 3267 dorum
321 3222 385 3267 una
411 3202 514 3267 cautio
540 3208 589 3268 est
614 3208 709 3284 atque
735 3222 799 3265 una
825 3201 970 3285 provisio,
994 3208 1029 3265 ut
1055 3223 1095 3267 ne
1120 3204 1214 3270 nimis

184 3304 246 3370 cito
272 3303 405 3390 diligere
432 3305 585 3390 incipiant
614 3324 695 3370 neve
722 3324 786 3368 non
813 3303 935 3387 dignos.
980 3304 1079 3388 Digni
1108 3314 1213 3372 autem
1232 3322 1264 3370 vo

184 3415 258 3473 sunt
284 3409 433 3490 amicitia,
458 3409 571 3492 quibus
597 3408 631 3472 in
658 3407 735 3492 ipsis
762 3407 844 3472 inest
870 3427 976 3490 causa,
1004 3428 1059 3473 eur
1084 3410 1214 3494 diligan-

184 3517 242 3575 tur.
267 3512 385 3576 Rarum
407 3532 518 3596 genus,
542 3519 573 3577 et
596 3509 722 3594 quidem
744 3511 849 3575 omnia
871 3511 1032 3595 praeclara
1052 3533 1133 3595 rara,
1154 3535 1214 3579 uec

185 3614 355 3696 quicquam
386 3614 545 3679 difficilius
574 3635 668 3697 quam
697 3615 844 3698 reperire,
875 3614 960 3698 quod
989 3616 1030 3681 sit
1058 3617 1142 3681 omni
1172 3639 1214 3684 ex

183 3724 274 3801 parte
301 3717 334 3782 iu
362 3738 418 3784 suo
441 3737 558 3803 genere
579 3716 762 3803 perfectum.
808 3717 871 3784 Sed
893 3719 1034 3804 plerique
1055 3740 1158 3804 neque
1180 3723 1214 3791 in

185 3820 280 3886 rebus
303 3821 449 3887 humanis
471 3821 637 3905 quiequam
660 3820 777 3885 bonum
800 3829 930 3904 norunt.
947 3815 1011 3887 nisi
1031 3824 1114 3907 quod
1135 3825 1213 3891 fruc·
