3026 4350
327 215 366 278 16
624 230 784 293 LAELIUS
801 233 851 286 DE
869 232 1056 288 AMICITIA.
1075 280 1079 285 .

325 405 436 489 coepit,
459 405 583 471 labitur.
622 404 754 485 Videtis,
778 405 811 470 in
838 405 956 471 tabella
981 406 1046 469 iam
1072 412 1147 470 ante
1170 411 1289 488 quanta
1315 405 1356 470 sit

325 508 410 572 facta
431 509 529 589 labes,
545 509 646 593 primo
662 509 798 574 Gabinia
820 510 900 592 lege,
916 509 1044 574 biennio
1066 515 1173 574 autem
1195 516 1267 593 post
1282 510 1355 576 Oas-

325 611 381 676 sia.
420 611 536 677 Videre
565 612 629 676 iam
658 612 768 678 videor
794 612 945 697 populum
971 633 992 677 a
1018 621 1131 677 senatu
1154 612 1354 692 disiunctum,

325 716 533 781 multitudinis
559 716 688 781 arbitrio
714 737 764 781 res
786 717 942 782 maximas
964 716 1025 801 agi.
1072 717 1182 782 Plures
1205 717 1289 781 enim
1312 715 1355 779 di-

325 825 423 899 scent,
447 839 541 901 quem
567 819 760 885 admodum
782 820 861 885 haec
883 819 970 904 fiant,
995 840 1089 902 quam
1113 839 1207 901 quem
1229 819 1271 883 ad
1293 839 1355 884 mo·

274 939 306 986 42
325 920 401 987 dum
427 921 477 987 his
502 922 672 988 resistatur.
719 922 876 998 Quorsum
901 923 1008 988 haec?
1054 922 1136 998 Quia
1164 923 1234 987 sinc
1263 922 1355 987 sociis

324 1046 418 1091 nemo
441 1025 609 1108 quicquam
634 1026 699 1091 tale
722 1033 860 1091 conatur.
905 1025 1166 1111 Praecipiendum
1191 1031 1239 1091 est
1260 1025 1356 1109 igitur

325 1129 427 1209 bonis,
451 1135 494 1210 ut,
518 1130 545 1194 si
571 1131 603 1193 in
634 1130 702 1195 eius
732 1130 817 1195 modi
843 1130 997 1195 amicitias
1024 1129 1126 1214 ignari
1153 1129 1356 1210 casualiquo

325 1231 503 1313 inciderint,
526 1254 568 1298 ne
594 1233 776 1298 existiment
801 1233 847 1298 ita
873 1253 907 1299 se
934 1233 1099 1318 adligatos,
1122 1239 1158 1297 ut
1182 1234 1223 1298 ab
1247 1232 1356 1297 amicis

326 1338 359 1401 in
382 1357 500 1421 magna
521 1336 628 1418 aliqua
650 1356 684 1401 re
711 1337 916 1420 peccantibus
942 1358 1006 1403 non
1033 1336 1214 1421 discedant,
1244 1337 1356 1428 impro-

326 1440 376 1505 bis
403 1447 508 1504 autem
534 1446 637 1523 poen'a
658 1439 826 1504 statuenda
849 1447 906 1521 est,
929 1459 988 1505 nec
1011 1461 1085 1505 vero
1106 1440 1209 1504 minor
1230 1439 1279 1520 iis,
1303 1439 1356 1520 qui

327 1543 427 1608 secuti
457 1550 548 1606 erunt
575 1542 718 1622 alterum,
742 1563 836 1624 quam
867 1543 915 1623 iis,
939 1544 993 1625 qui
1019 1543 1080 1627 ipsi
1106 1542 1224 1607 fuerint
1249 1542 1356 1625 impie·

328 1646 402 1711 tatis
429 1645 534 1710 duces.
581 1643 659 1721 Quis
686 1646 797 1710 clarior
822 1646 856 1710 in
883 1646 1017 1711 Graecia
1038 1646 1258 1725 Themistocle,
1277 1646 1357 1726 quis

327 1749 509 1834 potentior?
558 1747 620 1826 Qui
647 1769 717 1813 oum
747 1749 917 1832 imperator
943 1750 1025 1814 bello
1051 1749 1177 1814 Persico
1204 1749 1356 1814 servitute

328 1853 494 1918 Graeciam
527 1852 723 1917 liberavisset
757 1859 945 1935 propterque
978 1851 1129 1916 invidiam
1162 1851 1196 1915 in
1227 1851 1357 1916 exilium

329 1957 481 2041 expulsus
500 1961 592 2035 esset,
607 1956 750 2039 ingratae
769 1955 889 2040 patriae
911 1956 1057 2020 iniuriam
1079 1975 1144 2019 non
1166 1955 1245 2036 tulit,
1261 1975 1357 2036 quam

329 2060 410 2124 ferre
437 2059 554 2140 debuit,
578 2059 654 2124 fecit
679 2059 773 2140 idem,
797 2059 880 2141 quod
906 2084 947 2122 xx
968 2060 1061 2124 annis
1087 2064 1162 2124 ante
1188 2057 1273 2141 apud
1300 2078 1357 2123 nos

329 2164 447 2229 fecerat
469 2163 661 2228 Coriolanus.
695 2163 754 2228 His
776 2161 900 2228 adiutor
922 2169 1031 2227 contra
1052 2162 1187 2246 patriam
1209 2163 1359 2227 inventus

277 2273 507 2350 aestuem,
531 2267 637 2348 itaque
659 2273 791 2331 mortem
813 2266 874 2331 sibi
897 2273 1026 2347 uterque
1049 2265 1210 2330 conscivit.
1253 2263 1358 2342 Quare

328 2369 400 2435 talis
426 2369 639 2452 improborum
665 2369 829 2434 consensio
857 2389 919 2433 non
941 2368 1034 2433 modo
1057 2367 1261 2433 excusatione
1282 2368 1358 2432 ami-

329 2473 422 2537 citiae
445 2471 583 2555 tegenda
605 2493 668 2537 non
691 2480 748 2553 est,
772 2471 828 2537 sed
850 2472 953 2555 potius
976 2470 1129 2555 supplicio
1151 2470 1236 2535 omni
1258 2470 1358 2535 vindi-

330 2574 431 2640 canda
457 2580 513 2656 est,
536 2581 634 2638 utne
657 2575 725 2655 quis
748 2593 932 2639 concessum
953 2580 1043 2657 putet
1064 2573 1200 2638 amicum
1222 2573 1274 2637 vel
1296 2573 1359 2638 bel-

329 2678 393 2741 lum
419 2677 540 2761 patriae
566 2675 754 2742 inferentem
782 2677 888 2760 sequi3
919 2676 1003 2758 quod
1024 2675 1161 2759 quidem,
1185 2681 1219 2740 ut
1240 2695 1292 2740 res
1313 2677 1359 2740 ire

329 2781 440 2865 coepit,
465 2779 551 2844 haud
573 2780 637 2844 scio
659 2799 701 2843 an
723 2779 892 2861 aliquando
916 2779 1054 2843 futurum
1076 2780 1125 2843 sit.
1153 2778 1231 2842 Mihi
1253 2786 1360 2843 autem

328 2905 392 2949 non
421 2883 535 2949 minori
564 2902 658 2947 curae
688 2889 745 2963 est,
768 2883 870 2964 qualis
900 2903 951 2948 res
980 2882 1106 2965 publica
1131 2889 1202 2964 post
1228 2889 1359 2947 mortem

329 3008 431 3053 meam
454 2986 569 3068 futura,
593 3007 687 3068 quam
710 2986 811 3068 qualis
833 2985 927 3050 hodie
949 2986 997 3050 sit.

415 3091 504 3154 Haec
532 3091 628 3174 igitur
657 3088 758 3173 prima
787 3089 840 3152 lex
869 3089 1027 3153 amicitiae
1058 3088 1226 3169 sanciatur,
1255 3096 1290 3153 ut
1318 3090 1360 3153 ab

328 3194 439 3258 amicis
465 3193 598 3259 honesta
623 3180 777 3277 petamus,
800 3193 971 3258 amicorum
994 3212 1090 3258 causa
1112 3192 1244 3256 honesta
1266 3191 1361 3256 facia-

328 3317 411 3378 mue,
442 3317 483 3361 ne
513 3305 717 3382 expectemus
747 3295 888 3379 quidem,
920 3294 995 3360 dum
1029 3315 1189 3380 rogemur,
1221 3295 1360 3360 studium

330 3420 453 3484 semper
467 3399 560 3481 adsrt,
576 3401 733 3466 cunctatio
756 3400 849 3481 absit,
865 3399 1030 3464 consilium
1051 3419 1126 3464 vero
1149 3397 1224 3462 dare
1246 3397 1361 3463 audea-

329 3523 400 3568 mus
425 3503 533 3567 libere.
578 3504 751 3568 Plurimum
776 3503 809 3566 in
832 3501 972 3566 amicitia
992 3502 1165 3567 amicorum
1188 3502 1270 3566 bene
1293 3522 1361 3568 sua·

331 3603 471 3669 dentium
498 3606 604 3670 valeat
629 3606 808 3686 auctoritas,
832 3623 932 3686 eaque
959 3611 991 3670 et
1016 3603 1204 3669 adhibeatur
1230 3602 1272 3667 ad
1299 3625 1362 3670 mo

330 3706 470 3771 nendum
503 3727 566 3771 non
600 3707 693 3773 modo
726 3713 849 3792 aperte,
880 3707 937 3772 sed
970 3708 1065 3772 etiam
1094 3706 1222 3786 acriter,
1254 3707 1281 3771 si
1310 3727 1362 3771 res

203 3826 207 3833 ¹
279 3822 312 3870 45
330 3808 509 3892 postulabit,
533 3815 565 3873 et
586 3809 748 3874 adhibitae
771 3817 926 3895 pareatur.
955 3812 1038 3875 Nam
1060 3807 1259 3892 quibusdam,
1282 3829 1361 3892 quos

278 3070 313 3124 13

277 3143 311 3189 44
