3026 4350
284 992 418 1070 Quintus
439 994 561 1084 Mucius
587 1014 687 1078 augur
716 993 814 1059 multa
840 1013 967 1058 narrare
994 992 1035 1059 de
1061 993 1095 1060 (l.
1115 972 1256 1091 Laelio}

197 1115 304 1163 sooero
335 1118 393 1163 suo
421 1098 599 1163 memoriter
628 1103 661 1163 et
688 1095 825 1162 iucunde
854 1097 974 1162 solebat
999 1116 1059 1162 neo
1081 1096 1224 1162 dubitare

196 1198 284 1264 illum
306 1200 339 1264 in
361 1201 445 1266 omni
468 1219 611 1265 sermone
632 1201 791 1284 appellare
813 1200 997 1284 sapientem.
1028 1201 1096 1283 Ego
1117 1206 1224 1265 autem

195 1322 216 1365 a
241 1309 330 1385 patre
357 1303 402 1367 ita
428 1324 514 1369 eram
539 1302 692 1369 deductus
718 1303 760 1368 ad
782 1303 967 1370 Scaevolam
996 1309 1121 1387 sumpta
1142 1303 1223 1369 virili

196 1410 278 1488 toga,
303 1412 346 1486 ut,
370 1406 474 1489 quoad
502 1426 628 1490 possem
658 1413 690 1472 et
718 1407 835 1488 lioeret,
858 1427 879 1472 a
904 1407 989 1473 senis
1015 1408 1111 1471 latere
1138 1427 1224 1471 num·

197 1528 290 1588 quam
313 1506 516 1573 discederem.
554 1510 665 1593 Itaque
687 1510 847 1574 multaab
870 1529 908 1574 eo
930 1509 1099 1593 prudenter
1120 1509 1224 1593 dispu-

195 1616 271 1691 tata,
294 1612 395 1675 multa
419 1611 514 1676 etiam
539 1613 677 1678 breviter
704 1619 736 1678 et
762 1612 923 1678 commode
950 1612 1035 1677 diota
1057 1613 1224 1677 memoriae

195 1712 386 1778 mandabam
407 1713 538 1796 fierique
560 1715 726 1780 studebam
741 1716 808 1781 eius
822 1714 989 1800 prudentia
1003 1715 1130 1780 doetior.
1155 1714 1223 1791 Quo

195 1821 316 1881 mortuo
338 1836 389 1881 me
411 1815 454 1881 ad
475 1816 656 1900 pontificem
671 1817 855 1884 Scaevolam
878 1817 1003 1897 eontuli,
1019 1837 1112 1900 quem
1127 1838 1224 1882 unum

196 1925 321 1983 nostras
348 1919 483 1985 civitatis
511 1925 542 1984 et
568 1920 696 2004 ingenio
723 1926 756 1986 et
781 1920 900 1985 iustitia
922 1921 1223 2004 praestantissimum

195 2021 296 2086 audeo
318 2021 430 2087 dicere.
478 2022 542 2090 Sed
564 2022 605 2088 de
626 2023 685 2089 hoe
706 2023 801 2107 alias;
833 2044 916 2088 nuno
943 2023 1037 2089 redeo
1065 2022 1107 2088 ad
1129 2044 1257 2107 bugu-2

195 2144 270 2189 rem.
296 2125 374 2191 Cum
397 2145 492 2210 saepe
514 2126 622 2207 multa,
639 2133 705 2191 tum
726 2127 855 2191 memini
878 2126 961 2191 domi
983 2127 1016 2191 in
1038 2125 1224 2210 hemioyelio

196 2226 370 2310 sedentem,
397 2235 432 2293 ut
459 2229 589 2309 solebat,
614 2249 684 2294 oum
711 2235 744 2294 et
769 2249 829 2312 ego
856 2249 958 2294 essem
984 2249 1049 2294 una
1074 2236 1105 2295 et
1131 2231 1223 2314 pauoi

195 2329 365 2396 admodum
391 2331 571 2413 familiares,
598 2332 631 2396 in
658 2353 729 2399 eum
758 2352 932 2398 sermonem
959 2333 1046 2397 illum
1075 2333 1223 2416 incidere,

196 2434 248 2516 qui
271 2440 337 2498 tum
358 2434 521 2518 permultis
544 2435 665 2500 eratin
687 2455 749 2500 ore.
773 2436 942 2500 Meministi
965 2436 1050 2501 enim
1071 2436 1223 2520 profecto,

195 2536 309 2618 Attiee,
339 2543 371 2602 et
400 2557 437 2603 eo
466 2538 577 2622 magis,
601 2537 685 2621 quod
713 2539 748 2603 P.
766 2538 904 2621 Sulpioio
930 2540 1060 2603 utebare
1081 2540 1222 2621 multum,

196 2659 267 2704 oum
288 2639 315 2705 is
337 2641 480 2706 tribunus
502 2642 543 2725 pl.
560 2641 687 2725 eapitali
709 2640 781 2706 odio
802 2662 823 2705 a
845 2640 882 2717 Q.
899 2642 1058 2725 Pompeio,
1081 2642 1134 2724 qui
1157 2649 1223 2707 tum

196 2748 262 2807 erat
284 2745 402 2825 eonsul,
425 2743 600 2825 dissideret,
624 2764 758 2826 quocum
785 2745 1037 2810 coniunctissime
1065 2750 1097 2810 et
1118 2766 1224 2809 aman·

195 2845 314 2911 tissime
334 2847 468 2928 vixerat,
485 2852 603 2930 quanta
625 2853 708 2912 esset
729 2846 890 2913 hominum
913 2848 964 2912 vel
985 2847 1150 2913 admiratio
1173 2849 1224 2914 vel

195 2950 331 3029 querela.
375 2951 486 3031 Itaque
508 2958 574 3014 tum
596 2951 750 3018 Soaevola
775 2971 846 3016 oum
868 2950 902 3014 in
925 2971 995 3015 eam
1016 2951 1118 3034 ipsam
1139 2972 1222 3017 men·
1240 2974 1255 3021 3

195 3051 313 3116 tionem
344 3051 520 3133 incidisset,
551 3053 697 3137 exposuit
729 3053 821 3118 nobis
854 3073 1029 3118 sermonem
1061 3053 1148 3118 Laeli
1182 3053 1222 3121 de

194 3154 334 3219 amicitia
363 3155 505 3221 habitum
534 3157 575 3220 ab
606 3155 659 3220 illo
685 3174 793 3219 seeum
820 3162 852 3220 et
878 3175 949 3219 oum
975 3156 1073 3220 altero
1093 3175 1222 3239 genero,

196 3257 230 3323 O.
246 3258 368 3323 Fannio
394 3259 492 3323 Mami
518 3258 592 3339 filio,
619 3259 728 3342 paucis
756 3257 866 3322 diebus
892 3265 963 3342 post
989 3264 1121 3323 mortem
1143 3259 1223 3323 Afri-

196 3361 275 3425 cani.
320 3362 396 3426 Eius
422 3360 644 3445 disputationis
672 3362 844 3427 sententias
872 3361 1040 3425 memoriae
1062 3361 1221 3443 mandavi,

196 3484 274 3547 quas
296 3464 355 3529 hoe
375 3464 455 3531 libro
477 3465 608 3549 exposui
630 3464 782 3528 arbitratu
804 3483 892 3546 meo,
920 3465 1009 3545 quasi
1032 3464 1116 3528 enim
1138 3465 1222 3548 ipsos

195 3565 306 3632 induxi
333 3568 506 3651 loquentes,
529 3588 570 3633 ne
593 3562 743 3650 ‘inquam'
771 3573 802 3632 et
829 3559 951 3649 ‘inquit'
978 3567 1104 3650 saepius
1130 3567 1223 3633 inter-

195 3678 371 3756 poneretur,
386 3677 482 3753 atque
496 3679 532 3736 ut
546 3677 706 3752 tamquam
725 3690 745 3733 a
759 3672 978 3754 praesentibus
994 3689 1096 3737 eoram
1113 3669 1223 3734 haberi

196 3792 297 3841 sermo
319 3774 486 3840 videretur.
