<?xml version="1.0" encoding="UTF-8"?>
<!DOCTYPE html PUBLIC "-//W3C//DTD XHTML 1.0 Transitional//EN"
    "http://www.w3.org/TR/xhtml1/DTD/xhtml1-transitional.dtd">
<html xmlns="http://www.w3.org/1999/xhtml" xml:lang="en" lang="en">
 <head>
  <title>
</title>
<meta http-equiv="Content-Type" content="text/html;charset=utf-8" />
  <meta name='ocr-system' content='tesseract 3.04.00' />
  <meta name='ocr-capabilities' content='ocr_page ocr_carea ocr_par ocr_line ocrx_word'/>
</head>
<body>
  <div class='ocr_page' id='page_1' title='image "./mtulliciceronis01schigoog_0050.png"; bbox 0 0 3026 4350; ppageno 0'>
   <div class='ocr_carea' id='block_1_1' title="bbox 499 268 1185 351">
    <p class='ocr_par' dir='ltr' id='par_1_1' title="bbox 499 268 1185 351">
     <span class='ocr_line' id='line_1_1' title="bbox 499 268 1185 351; baseline 0.003 -12"><span class='ocrx_word' id='word_1_1' title='bbox 499 282 581 339; x_wconf 74' lang='lat' dir='ltr'>osc.</span> <span class='ocrx_word' id='word_1_2' title='bbox 595 287 635 351; x_wconf 72' lang='lat'>15,</span> <span class='ocrx_word' id='word_1_3' title='bbox 650 286 846 348; x_wconf 64' lang='lat' dir='ltr'>resse-oo.</span> <span class='ocrx_word' id='word_1_4' title='bbox 1146 268 1185 333; x_wconf 79' lang='lat'>21</span> 
     </span>
    </p>
   </div>
   <div class='ocr_carea' id='block_1_2' title="bbox 74 455 1237 3824">
    <p class='ocr_par' dir='ltr' id='par_1_2' title="bbox 74 455 1237 3824">
     <span class='ocr_line' id='line_1_2' title="bbox 159 455 1237 540; baseline -0.006 -16"><span class='ocrx_word' id='word_1_5' title='bbox 159 465 220 539; x_wconf 87' lang='lat' dir='ltr'>tur,</span> <span class='ocrx_word' id='word_1_6' title='bbox 241 463 278 524; x_wconf 90' lang='lat' dir='ltr'>ut</span> <span class='ocrx_word' id='word_1_7' title='bbox 298 457 337 522; x_wconf 91' lang='lat' dir='ltr'>iis</span> <span class='ocrx_word' id='word_1_8' title='bbox 359 455 453 521; x_wconf 91' lang='lat' dir='ltr'>amici</span> <span class='ocrx_word' id='word_1_9' title='bbox 475 455 579 540; x_wconf 87' lang='lat' dir='ltr'>potius</span> <span class='ocrx_word' id='word_1_10' title='bbox 602 475 696 537; x_wconf 91' lang='lat' dir='ltr'>quarn</span> <span class='ocrx_word' id='word_1_11' title='bbox 718 455 779 539; x_wconf 85' lang='lat' dir='ltr'>ipsi</span> <span class='ocrx_word' id='word_1_12' title='bbox 800 455 954 522; x_wconf 84' lang='lat' dir='ltr'>fruantur.</span> <span class='ocrx_word' id='word_1_13' title='bbox 990 457 1099 523; x_wconf 81' lang='lat' dir='ltr'>Altera</span> <span class='ocrx_word' id='word_1_14' title='bbox 1120 477 1189 523; x_wconf 86' lang='lat' dir='ltr'>sen·</span> <span class='ocrx_word' id='word_1_15' title='bbox 1205 467 1237 518; x_wconf 81' lang='lat' dir='ltr'>ce</span> 
     </span>
     <span class='ocr_line' id='line_1_3' title="bbox 159 557 1188 643; baseline -0.002 -16"><span class='ocrx_word' id='word_1_16' title='bbox 159 561 261 627; x_wconf 90' lang='lat' dir='ltr'>tentia</span> <span class='ocrx_word' id='word_1_17' title='bbox 283 565 340 640; x_wconf 91' lang='lat' dir='ltr'>est,</span> <span class='ocrx_word' id='word_1_18' title='bbox 363 578 445 641; x_wconf 92' lang='lat' dir='ltr'>quae</span> <span class='ocrx_word' id='word_1_19' title='bbox 467 557 576 623; x_wconf 90' lang='lat' dir='ltr'>definit</span> <span class='ocrx_word' id='word_1_20' title='bbox 597 557 767 622; x_wconf 78' lang='lat' dir='ltr'>amicitiam</span> <span class='ocrx_word' id='word_1_21' title='bbox 790 560 919 643; x_wconf 89' lang='lat' dir='ltr'>paribus</span> <span class='ocrx_word' id='word_1_22' title='bbox 945 558 1056 625; x_wconf 86' lang='lat' dir='ltr'>officiis</span> <span class='ocrx_word' id='word_1_23' title='bbox 1077 579 1116 624; x_wconf 89' lang='lat' dir='ltr'>ac</span> <span class='ocrx_word' id='word_1_24' title='bbox 1137 580 1188 625; x_wconf 91' lang='lat' dir='ltr'>vo·</span> 
     </span>
     <span class='ocr_line' id='line_1_4' title="bbox 159 659 1188 749; baseline 0 -21"><span class='ocrx_word' id='word_1_25' title='bbox 159 663 342 729; x_wconf 88' lang='lat' dir='ltr'>luntatibus.</span> <span class='ocrx_word' id='word_1_26' title='bbox 387 662 456 749; x_wconf 90' lang='lat' dir='ltr'>Hoc</span> <span class='ocrx_word' id='word_1_27' title='bbox 478 659 604 743; x_wconf 89' lang='lat' dir='ltr'>quidem</span> <span class='ocrx_word' id='word_1_28' title='bbox 627 667 675 725; x_wconf 89' lang='lat' dir='ltr'>est</span> <span class='ocrx_word' id='word_1_29' title='bbox 696 662 790 726; x_wconf 90' lang='lat' dir='ltr'>nimis</span> <span class='ocrx_word' id='word_1_30' title='bbox 812 662 928 746; x_wconf 82' lang='lat' dir='ltr'>exigue</span> <span class='ocrx_word' id='word_1_31' title='bbox 949 668 981 727; x_wconf 91' lang='lat' dir='ltr'>et</span> <span class='ocrx_word' id='word_1_32' title='bbox 1003 663 1125 727; x_wconf 81' lang='lat' dir='ltr'>exiliter</span> <span class='ocrx_word' id='word_1_33' title='bbox 1146 662 1188 728; x_wconf 85' lang='lat' dir='ltr'>ad</span> 
     </span>
     <span class='ocr_line' id='line_1_5' title="bbox 161 763 1189 849; baseline -0.002 -18"><span class='ocrx_word' id='word_1_34' title='bbox 161 766 297 831; x_wconf 88' lang='lat' dir='ltr'>calculos</span> <span class='ocrx_word' id='word_1_35' title='bbox 324 783 437 830; x_wconf 88' lang='lat' dir='ltr'>vocare</span> <span class='ocrx_word' id='word_1_36' title='bbox 462 763 644 843; x_wconf 78' lang='lat' dir='ltr'>amicitiam,</span> <span class='ocrx_word' id='word_1_37' title='bbox 671 770 705 828; x_wconf 91' lang='lat' dir='ltr'>ut</span> <span class='ocrx_word' id='word_1_38' title='bbox 731 784 788 848; x_wconf 89' lang='lat' dir='ltr'>par</span> <span class='ocrx_word' id='word_1_39' title='bbox 817 763 857 829; x_wconf 90' lang='lat' dir='ltr'>sit</span> <span class='ocrx_word' id='word_1_40' title='bbox 886 765 965 829; x_wconf 88' lang='lat' dir='ltr'>ratio</span> <span class='ocrx_word' id='word_1_41' title='bbox 990 771 1189 849; x_wconf 89' lang='lat' dir='ltr'>acceptorum</span> 
     </span>
     <span class='ocr_line' id='line_1_6' title="bbox 161 864 1188 933; baseline -0.001 0"><span class='ocrx_word' id='word_1_42' title='bbox 161 875 193 933; x_wconf 91' lang='lat' dir='ltr'>et</span> <span class='ocrx_word' id='word_1_43' title='bbox 221 867 374 932; x_wconf 88' lang='lat' dir='ltr'>datorum.</span> <span class='ocrx_word' id='word_1_44' title='bbox 419 866 554 932; x_wconf 82' lang='lat' dir='ltr'>Divitior</span> <span class='ocrx_word' id='word_1_45' title='bbox 583 865 661 930; x_wconf 91' lang='lat' dir='ltr'>mihi</span> <span class='ocrx_word' id='word_1_46' title='bbox 691 872 722 931; x_wconf 91' lang='lat' dir='ltr'>et</span> <span class='ocrx_word' id='word_1_47' title='bbox 750 864 938 931; x_wconf 85' lang='lat' dir='ltr'>adfluentior</span> <span class='ocrx_word' id='word_1_48' title='bbox 966 866 1090 931; x_wconf 88' lang='lat' dir='ltr'>videtur</span> <span class='ocrx_word' id='word_1_49' title='bbox 1118 886 1188 932; x_wconf 91' lang='lat' dir='ltr'>esse</span> 
     </span>
     <span class='ocr_line' id='line_1_7' title="bbox 160 968 1188 1054; baseline -0.004 -17"><span class='ocrx_word' id='word_1_50' title='bbox 160 991 238 1037; x_wconf 83' lang='lat' dir='ltr'>vera</span> <span class='ocrx_word' id='word_1_51' title='bbox 265 969 406 1035; x_wconf 90' lang='lat' dir='ltr'>amicitia</span> <span class='ocrx_word' id='word_1_52' title='bbox 434 989 494 1034; x_wconf 90' lang='lat' dir='ltr'>nec</span> <span class='ocrx_word' id='word_1_53' title='bbox 523 969 691 1035; x_wconf 87' lang='lat' dir='ltr'>observare</span> <span class='ocrx_word' id='word_1_54' title='bbox 721 968 877 1049; x_wconf 90' lang='lat' dir='ltr'>restricte,</span> <span class='ocrx_word' id='word_1_55' title='bbox 907 988 947 1033; x_wconf 93' lang='lat' dir='ltr'>ne</span> <span class='ocrx_word' id='word_1_56' title='bbox 977 969 1048 1054; x_wconf 89' lang='lat' dir='ltr'>plus</span> <span class='ocrx_word' id='word_1_57' title='bbox 1076 968 1188 1034; x_wconf 87' lang='lat' dir='ltr'>reddat</span> 
     </span>
     <span class='ocr_line' id='line_1_8' title="bbox 159 1070 1188 1157; baseline 0 -20"><span class='ocrx_word' id='word_1_58' title='bbox 159 1094 255 1157; x_wconf 90' lang='lat' dir='ltr'>quarn</span> <span class='ocrx_word' id='word_1_59' title='bbox 273 1073 447 1155; x_wconf 74' lang='lat' dir='ltr'>acceperit,</span> <span class='ocrx_word' id='word_1_60' title='bbox 469 1091 572 1153; x_wconf 87' lang='lat' dir='ltr'>neque</span> <span class='ocrx_word' id='word_1_61' title='bbox 595 1071 679 1136; x_wconf 89' lang='lat' dir='ltr'>enim</span> <span class='ocrx_word' id='word_1_62' title='bbox 702 1070 874 1137; x_wconf 91' lang='lat' dir='ltr'>verendum</span> <span class='ocrx_word' id='word_1_63' title='bbox 897 1076 955 1152; x_wconf 90' lang='lat' dir='ltr'>est,</span> <span class='ocrx_word' id='word_1_64' title='bbox 976 1092 1016 1136; x_wconf 90' lang='lat' dir='ltr'>ne</span> <span class='ocrx_word' id='word_1_65' title='bbox 1038 1071 1114 1154; x_wconf 92' lang='lat' dir='ltr'>quid</span> <span class='ocrx_word' id='word_1_66' title='bbox 1136 1092 1188 1137; x_wconf 88' lang='lat' dir='ltr'>ex-</span> 
     </span>
     <span class='ocr_line' id='line_1_9' title="bbox 160 1171 1187 1258; baseline 0.001 -18"><span class='ocrx_word' id='word_1_67' title='bbox 160 1175 254 1255; x_wconf 87' lang='lat' dir='ltr'>cidat,</span> <span class='ocrx_word' id='word_1_68' title='bbox 276 1180 332 1238; x_wconf 88' lang='lat' dir='ltr'>aut</span> <span class='ocrx_word' id='word_1_69' title='bbox 353 1195 394 1239; x_wconf 90' lang='lat' dir='ltr'>ne</span> <span class='ocrx_word' id='word_1_70' title='bbox 417 1171 493 1256; x_wconf 92' lang='lat' dir='ltr'>quid</span> <span class='ocrx_word' id='word_1_71' title='bbox 514 1175 548 1238; x_wconf 93' lang='lat' dir='ltr'>in</span> <span class='ocrx_word' id='word_1_72' title='bbox 570 1180 684 1238; x_wconf 87' lang='lat' dir='ltr'>terram</span> <span class='ocrx_word' id='word_1_73' title='bbox 706 1171 834 1256; x_wconf 90' lang='lat' dir='ltr'>defluat,</span> <span class='ocrx_word' id='word_1_74' title='bbox 854 1181 909 1238; x_wconf 92' lang='lat' dir='ltr'>aut</span> <span class='ocrx_word' id='word_1_75' title='bbox 930 1193 970 1238; x_wconf 92' lang='lat' dir='ltr'>ne</span> <span class='ocrx_word' id='word_1_76' title='bbox 992 1175 1063 1258; x_wconf 89' lang='lat' dir='ltr'>plus</span> <span class='ocrx_word' id='word_1_77' title='bbox 1085 1194 1187 1257; x_wconf 92' lang='lat' dir='ltr'>aequo</span> 
     </span>
     <span class='ocr_line' id='line_1_10' title="bbox 159 1276 1237 1361; baseline -0.005 -20"><span class='ocrx_word' id='word_1_78' title='bbox 159 1277 236 1361; x_wconf 89' lang='lat' dir='ltr'>quid</span> <span class='ocrx_word' id='word_1_79' title='bbox 258 1278 292 1341; x_wconf 92' lang='lat' dir='ltr'>in</span> <span class='ocrx_word' id='word_1_80' title='bbox 313 1277 483 1342; x_wconf 77' lang='lat' dir='ltr'>amicitiam</span> <span class='ocrx_word' id='word_1_81' title='bbox 506 1283 699 1360; x_wconf 80' lang='lat' dir='ltr'>congeratur.</span> <span class='ocrx_word' id='word_1_82' title='bbox 723 1277 848 1341; x_wconf 87' lang='lat' dir='ltr'>Tertius</span> <span class='ocrx_word' id='word_1_83' title='bbox 870 1296 944 1342; x_wconf 88' lang='lat' dir='ltr'>vero</span> <span class='ocrx_word' id='word_1_84' title='bbox 967 1276 1019 1342; x_wconf 84' lang='lat' dir='ltr'>ille</span> <span class='ocrx_word' id='word_1_85' title='bbox 1041 1276 1113 1342; x_wconf 91' lang='lat' dir='ltr'>finis</span> <span class='ocrx_word' id='word_1_86' title='bbox 1136 1276 1187 1342; x_wconf 92' lang='lat' dir='ltr'>de·</span> <span class='ocrx_word' id='word_1_87' title='bbox 1204 1289 1237 1337; x_wconf 80' lang='lat' dir='ltr'>co</span> 
     </span>
     <span class='ocr_line' id='line_1_11' title="bbox 159 1379 1186 1464; baseline 0.001 -19"><span class='ocrx_word' id='word_1_88' title='bbox 159 1381 314 1462; x_wconf 88' lang='lat' dir='ltr'>terrimus,</span> <span class='ocrx_word' id='word_1_89' title='bbox 336 1385 381 1462; x_wconf 90' lang='lat' dir='ltr'>ut,</span> <span class='ocrx_word' id='word_1_90' title='bbox 404 1380 514 1463; x_wconf 92' lang='lat' dir='ltr'>quanti</span> <span class='ocrx_word' id='word_1_91' title='bbox 537 1380 669 1462; x_wconf 92' lang='lat' dir='ltr'>quisque</span> <span class='ocrx_word' id='word_1_92' title='bbox 691 1399 726 1445; x_wconf 93' lang='lat' dir='ltr'>se</span> <span class='ocrx_word' id='word_1_93' title='bbox 748 1379 817 1464; x_wconf 90' lang='lat' dir='ltr'>ipse</span> <span class='ocrx_word' id='word_1_94' title='bbox 839 1380 944 1462; x_wconf 88' lang='lat' dir='ltr'>faciat,</span> <span class='ocrx_word' id='word_1_95' title='bbox 967 1381 1047 1444; x_wconf 80' lang='lat' dir='ltr'>tanti</span> <span class='ocrx_word' id='word_1_96' title='bbox 1069 1380 1124 1444; x_wconf 90' lang='lat' dir='ltr'>fiat</span> <span class='ocrx_word' id='word_1_97' title='bbox 1145 1381 1186 1446; x_wconf 93' lang='lat' dir='ltr'>ab</span> 
     </span>
     <span class='ocr_line' id='line_1_12' title="bbox 159 1480 1188 1566; baseline 0 -18"><span class='ocrx_word' id='word_1_98' title='bbox 159 1483 279 1548; x_wconf 83' lang='lat' dir='ltr'>amicis.</span> <span class='ocrx_word' id='word_1_99' title='bbox 317 1483 419 1566; x_wconf 88' lang='lat' dir='ltr'>Saepe</span> <span class='ocrx_word' id='word_1_100' title='bbox 442 1482 526 1546; x_wconf 91' lang='lat' dir='ltr'>enirn</span> <span class='ocrx_word' id='word_1_101' title='bbox 548 1482 582 1546; x_wconf 94' lang='lat' dir='ltr'>in</span> <span class='ocrx_word' id='word_1_102' title='bbox 604 1480 791 1564; x_wconf 87' lang='lat' dir='ltr'>quibusdam</span> <span class='ocrx_word' id='word_1_103' title='bbox 813 1483 1012 1548; x_wconf 81' lang='lat' dir='ltr'>antonimus</span> <span class='ocrx_word' id='word_1_104' title='bbox 1038 1482 1188 1548; x_wconf 87' lang='lat' dir='ltr'>abiectior</span> 
     </span>
     <span class='ocr_line' id='line_1_13' title="bbox 159 1584 1187 1670; baseline -0.001 -20"><span class='ocrx_word' id='word_1_105' title='bbox 159 1592 208 1651; x_wconf 93' lang='lat' dir='ltr'>est</span> <span class='ocrx_word' id='word_1_106' title='bbox 233 1590 288 1650; x_wconf 88' lang='lat' dir='ltr'>aut</span> <span class='ocrx_word' id='word_1_107' title='bbox 315 1604 388 1670; x_wconf 86' lang='lat' dir='ltr'>spes</span> <span class='ocrx_word' id='word_1_108' title='bbox 414 1584 656 1668; x_wconf 87' lang='lat' dir='ltr'>amplificandae</span> <span class='ocrx_word' id='word_1_109' title='bbox 685 1585 829 1649; x_wconf 80' lang='lat' dir='ltr'>fortunae</span> <span class='ocrx_word' id='word_1_110' title='bbox 859 1585 994 1650; x_wconf 87' lang='lat' dir='ltr'>fractior.</span> <span class='ocrx_word' id='word_1_111' title='bbox 1039 1587 1112 1653; x_wconf 87' lang='lat' dir='ltr'>Non</span> <span class='ocrx_word' id='word_1_112' title='bbox 1139 1593 1187 1652; x_wconf 89' lang='lat' dir='ltr'>cst</span> 
     </span>
     <span class='ocr_line' id='line_1_14' title="bbox 159 1677 1187 1771; baseline 0.002 -19"><span class='ocrx_word' id='word_1_113' title='bbox 159 1689 255 1771; x_wconf 90' lang='lat' dir='ltr'>igitur</span> <span class='ocrx_word' id='word_1_114' title='bbox 276 1688 370 1751; x_wconf 91' lang='lat' dir='ltr'>amioi</span> <span class='ocrx_word' id='word_1_115' title='bbox 392 1688 488 1751; x_wconf 91' lang='lat' dir='ltr'>talem</span> <span class='ocrx_word' id='word_1_116' title='bbox 511 1707 580 1753; x_wconf 91' lang='lat' dir='ltr'>esse</span> <span class='ocrx_word' id='word_1_117' title='bbox 602 1688 636 1752; x_wconf 93' lang='lat' dir='ltr'>in</span> <span class='ocrx_word' id='word_1_118' title='bbox 658 1707 739 1768; x_wconf 90' lang='lat' dir='ltr'>eum,</span> <span class='ocrx_word' id='word_1_119' title='bbox 756 1688 856 1768; x_wconf 89' lang='lat' dir='ltr'>qualis</span> <span class='ocrx_word' id='word_1_120' title='bbox 878 1688 931 1752; x_wconf 87' lang='lat' dir='ltr'>ille</span> <span class='ocrx_word' id='word_1_121' title='bbox 953 1677 986 1752; x_wconf 89' lang='lat' dir='ltr'>in</span> <span class='ocrx_word' id='word_1_122' title='bbox 1008 1709 1042 1753; x_wconf 92' lang='lat' dir='ltr'>se</span> <span class='ocrx_word' id='word_1_123' title='bbox 1058 1695 1114 1771; x_wconf 89' lang='lat' dir='ltr'>est,</span> <span class='ocrx_word' id='word_1_124' title='bbox 1130 1689 1187 1754; x_wconf 92' lang='lat' dir='ltr'>sed</span> 
     </span>
     <span class='ocr_line' id='line_1_15' title="bbox 159 1789 1186 1874; baseline 0.001 -19"><span class='ocrx_word' id='word_1_125' title='bbox 159 1791 263 1874; x_wconf 89' lang='lat' dir='ltr'>potius</span> <span class='ocrx_word' id='word_1_126' title='bbox 290 1790 367 1855; x_wconf 92' lang='lat' dir='ltr'>eniti</span> <span class='ocrx_word' id='word_1_127' title='bbox 394 1796 426 1855; x_wconf 93' lang='lat' dir='ltr'>et</span> <span class='ocrx_word' id='word_1_128' title='bbox 452 1789 587 1871; x_wconf 85' lang='lat' dir='ltr'>efficere,</span> <span class='ocrx_word' id='word_1_129' title='bbox 610 1796 645 1855; x_wconf 95' lang='lat' dir='ltr'>ut</span> <span class='ocrx_word' id='word_1_130' title='bbox 670 1790 765 1854; x_wconf 90' lang='lat' dir='ltr'>amici</span> <span class='ocrx_word' id='word_1_131' title='bbox 791 1790 946 1854; x_wconf 87' lang='lat' dir='ltr'>iacentem</span> <span class='ocrx_word' id='word_1_132' title='bbox 972 1791 1112 1856; x_wconf 91' lang='lat' dir='ltr'>animum</span> <span class='ocrx_word' id='word_1_133' title='bbox 1134 1812 1186 1856; x_wconf 88' lang='lat' dir='ltr'>ex-</span> 
     </span>
     <span class='ocr_line' id='line_1_16' title="bbox 159 1891 1186 1977; baseline 0.001 -19"><span class='ocrx_word' id='word_1_134' title='bbox 159 1894 234 1958; x_wconf 90' lang='lat' dir='ltr'>citet</span> <span class='ocrx_word' id='word_1_135' title='bbox 244 1891 436 1973; x_wconf 84' lang='lat' dir='ltr'>inducatque</span> <span class='ocrx_word' id='word_1_136' title='bbox 452 1892 488 1953; x_wconf 81' lang='lat' dir='ltr'>ic</span> <span class='ocrx_word' id='word_1_137' title='bbox 503 1911 593 1976; x_wconf 88' lang='lat' dir='ltr'>spem</span> <span class='ocrx_word' id='word_1_138' title='bbox 608 1892 890 1977; x_wconf 84' lang='lat' dir='ltr'>cogitationemque</span> <span class='ocrx_word' id='word_1_139' title='bbox 905 1893 1073 1958; x_wconf 88' lang='lat' dir='ltr'>meliorem.</span> <span class='ocrx_word' id='word_1_140' title='bbox 1097 1894 1186 1960; x_wconf 86' lang='lat' dir='ltr'>Alius</span> 
     </span>
     <span class='ocr_line' id='line_1_17' title="bbox 158 1994 1185 2081; baseline 0.002 -22"><span class='ocrx_word' id='word_1_141' title='bbox 158 1996 253 2081; x_wconf 87' lang='lat' dir='ltr'>igitur</span> <span class='ocrx_word' id='word_1_142' title='bbox 282 1995 354 2059; x_wconf 91' lang='lat' dir='ltr'>finis</span> <span class='ocrx_word' id='word_1_143' title='bbox 383 2014 477 2060; x_wconf 88' lang='lat' dir='ltr'>verae</span> <span class='ocrx_word' id='word_1_144' title='bbox 506 1994 663 2059; x_wconf 89' lang='lat' dir='ltr'>amicitiae</span> <span class='ocrx_word' id='word_1_145' title='bbox 690 1995 925 2060; x_wconf 87' lang='lat' dir='ltr'>constituendus</span> <span class='ocrx_word' id='word_1_146' title='bbox 952 2002 1009 2076; x_wconf 92' lang='lat' dir='ltr'>est,</span> <span class='ocrx_word' id='word_1_147' title='bbox 1036 1996 1063 2061; x_wconf 90' lang='lat' dir='ltr'>si</span> <span class='ocrx_word' id='word_1_148' title='bbox 1089 1997 1185 2080; x_wconf 89' lang='lat' dir='ltr'>prius,</span> 
     </span>
     <span class='ocr_line' id='line_1_18' title="bbox 158 2096 1183 2182; baseline 0.002 -19"><span class='ocrx_word' id='word_1_149' title='bbox 158 2097 234 2180; x_wconf 92' lang='lat' dir='ltr'>quid</span> <span class='ocrx_word' id='word_1_150' title='bbox 267 2098 404 2162; x_wconf 83' lang='lat' dir='ltr'>maxime</span> <span class='ocrx_word' id='word_1_151' title='bbox 438 2096 668 2182; x_wconf 88' lang='lat' dir='ltr'>reprehendere</span> <span class='ocrx_word' id='word_1_152' title='bbox 701 2098 807 2181; x_wconf 84' lang='lat' dir='ltr'>Scipio</span> <span class='ocrx_word' id='word_1_153' title='bbox 840 2098 948 2163; x_wconf 89' lang='lat' dir='ltr'>solitus</span> <span class='ocrx_word' id='word_1_154' title='bbox 981 2099 1031 2180; x_wconf 91' lang='lat' dir='ltr'>sit,</span> <span class='ocrx_word' id='word_1_155' title='bbox 1065 2098 1183 2165; x_wconf 87' lang='lat' dir='ltr'>dixero.</span> 
     </span>
     <span class='ocr_line' id='line_1_19' title="bbox 158 2198 1185 2284; baseline 0.001 -18"><span class='ocrx_word' id='word_1_156' title='bbox 158 2202 307 2284; x_wconf 85' lang='lat' dir='ltr'>Negabat</span> <span class='ocrx_word' id='word_1_157' title='bbox 328 2201 423 2265; x_wconf 89' lang='lat' dir='ltr'>ullam</span> <span class='ocrx_word' id='word_1_158' title='bbox 445 2198 555 2265; x_wconf 85' lang='lat' dir='ltr'>vocem</span> <span class='ocrx_word' id='word_1_159' title='bbox 577 2200 782 2265; x_wconf 88' lang='lat' dir='ltr'>inimiciorem</span> <span class='ocrx_word' id='word_1_160' title='bbox 803 2201 961 2266; x_wconf 89' lang='lat' dir='ltr'>amicitiae</span> <span class='ocrx_word' id='word_1_161' title='bbox 983 2202 1121 2284; x_wconf 90' lang='lat' dir='ltr'>potuisse</span> <span class='ocrx_word' id='word_1_162' title='bbox 1141 2223 1185 2267; x_wconf 91' lang='lat' dir='ltr'>re·</span> 
     </span>
     <span class='ocr_line' id='line_1_20' title="bbox 158 2303 1186 2388; baseline 0 -19"><span class='ocrx_word' id='word_1_163' title='bbox 158 2305 251 2388; x_wconf 90' lang='lat' dir='ltr'>periri</span> <span class='ocrx_word' id='word_1_164' title='bbox 275 2323 369 2385; x_wconf 89' lang='lat' dir='ltr'>quam</span> <span class='ocrx_word' id='word_1_165' title='bbox 392 2304 469 2384; x_wconf 92' lang='lat' dir='ltr'>eius,</span> <span class='ocrx_word' id='word_1_166' title='bbox 493 2304 547 2385; x_wconf 90' lang='lat' dir='ltr'>qui</span> <span class='ocrx_word' id='word_1_167' title='bbox 569 2303 701 2368; x_wconf 79' lang='lat' dir='ltr'>dixisset</span> <span class='ocrx_word' id='word_1_168' title='bbox 726 2305 772 2369; x_wconf 87' lang='lat' dir='ltr'>ita</span> <span class='ocrx_word' id='word_1_169' title='bbox 796 2324 902 2368; x_wconf 87' lang='lat' dir='ltr'>amare</span> <span class='ocrx_word' id='word_1_170' title='bbox 928 2311 1079 2387; x_wconf 82' lang='lat' dir='ltr'>oportere,</span> <span class='ocrx_word' id='word_1_171' title='bbox 1101 2311 1136 2381; x_wconf 87' lang='lat' dir='ltr'>ut</span> <span class='ocrx_word' id='word_1_172' title='bbox 1158 2305 1186 2370; x_wconf 92' lang='lat' dir='ltr'>si</span> 
     </span>
     <span class='ocr_line' id='line_1_21' title="bbox 158 2405 1186 2492; baseline 0.001 -21"><span class='ocrx_word' id='word_1_173' title='bbox 158 2405 327 2489; x_wconf 91' lang='lat' dir='ltr'>aliquando</span> <span class='ocrx_word' id='word_1_174' title='bbox 358 2413 441 2470; x_wconf 88' lang='lat' dir='ltr'>esset</span> <span class='ocrx_word' id='word_1_175' title='bbox 470 2425 596 2490; x_wconf 86' lang='lat' dir='ltr'>osurus;</span> <span class='ocrx_word' id='word_1_176' title='bbox 627 2426 686 2471; x_wconf 92' lang='lat' dir='ltr'>nec</span> <span class='ocrx_word' id='word_1_177' title='bbox 715 2426 790 2473; x_wconf 88' lang='lat' dir='ltr'>vero</span> <span class='ocrx_word' id='word_1_178' title='bbox 820 2426 855 2471; x_wconf 90' lang='lat' dir='ltr'>se</span> <span class='ocrx_word' id='word_1_179' title='bbox 880 2406 996 2471; x_wconf 89' lang='lat' dir='ltr'>adduci</span> <span class='ocrx_word' id='word_1_180' title='bbox 1023 2427 1124 2492; x_wconf 90' lang='lat' dir='ltr'>posse,</span> <span class='ocrx_word' id='word_1_181' title='bbox 1151 2415 1186 2472; x_wconf 93' lang='lat' dir='ltr'>ut</span> 
     </span>
     <span class='ocr_line' id='line_1_22' title="bbox 157 2506 1186 2593; baseline 0.001 -19"><span class='ocrx_word' id='word_1_182' title='bbox 157 2509 227 2591; x_wconf 94' lang='lat' dir='ltr'>hoc,</span> <span class='ocrx_word' id='word_1_183' title='bbox 251 2528 344 2592; x_wconf 79' lang='lat' dir='ltr'>quem</span> <span class='ocrx_word' id='word_1_184' title='bbox 371 2506 566 2572; x_wconf 90' lang='lat' dir='ltr'>admodum</span> <span class='ocrx_word' id='word_1_185' title='bbox 593 2515 763 2593; x_wconf 87' lang='lat' dir='ltr'>putaretur,</span> <span class='ocrx_word' id='word_1_186' title='bbox 786 2529 807 2573; x_wconf 93' lang='lat' dir='ltr'>a</span> <span class='ocrx_word' id='word_1_187' title='bbox 831 2509 945 2574; x_wconf 91' lang='lat' dir='ltr'>Biante</span> <span class='ocrx_word' id='word_1_188' title='bbox 972 2530 1041 2574; x_wconf 89' lang='lat' dir='ltr'>esse</span> <span class='ocrx_word' id='word_1_189' title='bbox 1067 2510 1186 2577; x_wconf 90' lang='lat' dir='ltr'>dictum</span> 
     </span>
     <span class='ocr_line' id='line_1_23' title="bbox 159 2609 1185 2697; baseline 0 -20"><span class='ocrx_word' id='word_1_190' title='bbox 159 2611 312 2690; x_wconf 88' lang='lat' dir='ltr'>crederet,</span> <span class='ocrx_word' id='word_1_191' title='bbox 335 2611 388 2691; x_wconf 93' lang='lat' dir='ltr'>qui</span> <span class='ocrx_word' id='word_1_192' title='bbox 412 2611 539 2695; x_wconf 87' lang='lat' dir='ltr'>sapiens</span> <span class='ocrx_word' id='word_1_193' title='bbox 560 2609 688 2676; x_wconf 91' lang='lat' dir='ltr'>habitus</span> <span class='ocrx_word' id='word_1_194' title='bbox 711 2619 794 2677; x_wconf 90' lang='lat' dir='ltr'>esset</span> <span class='ocrx_word' id='word_1_195' title='bbox 816 2631 897 2675; x_wconf 91' lang='lat' dir='ltr'>unus</span> <span class='ocrx_word' id='word_1_196' title='bbox 919 2631 937 2675; x_wconf 91' lang='lat' dir='ltr'>e</span> <span class='ocrx_word' id='word_1_197' title='bbox 964 2619 1100 2697; x_wconf 89' lang='lat' dir='ltr'>septem;</span> <span class='ocrx_word' id='word_1_198' title='bbox 1130 2613 1185 2678; x_wconf 92' lang='lat' dir='ltr'>im-</span> 
     </span>
     <span class='ocr_line' id='line_1_24' title="bbox 158 2713 1185 2800; baseline 0.004 -23"><span class='ocrx_word' id='word_1_199' title='bbox 158 2715 227 2797; x_wconf 89' lang='lat' dir='ltr'>puri</span> <span class='ocrx_word' id='word_1_200' title='bbox 250 2713 413 2778; x_wconf 90' lang='lat' dir='ltr'>cuiusdam</span> <span class='ocrx_word' id='word_1_201' title='bbox 435 2720 490 2777; x_wconf 89' lang='lat' dir='ltr'>aut</span> <span class='ocrx_word' id='word_1_202' title='bbox 511 2714 670 2779; x_wconf 86' lang='lat' dir='ltr'>ambitiosi</span> <span class='ocrx_word' id='word_1_203' title='bbox 691 2720 747 2778; x_wconf 93' lang='lat' dir='ltr'>aut</span> <span class='ocrx_word' id='word_1_204' title='bbox 768 2714 874 2781; x_wconf 91' lang='lat' dir='ltr'>omnia</span> <span class='ocrx_word' id='word_1_205' title='bbox 895 2714 937 2778; x_wconf 93' lang='lat' dir='ltr'>ad</span> <span class='ocrx_word' id='word_1_206' title='bbox 964 2735 1052 2779; x_wconf 91' lang='lat' dir='ltr'>suam</span> <span class='ocrx_word' id='word_1_207' title='bbox 1079 2723 1185 2800; x_wconf 90' lang='lat' dir='ltr'>poten-</span> 
     </span>
     <span class='ocr_line' id='line_1_25' title="bbox 158 2815 1184 2893; baseline 0.002 -13"><span class='ocrx_word' id='word_1_208' title='bbox 158 2818 233 2881; x_wconf 90' lang='lat' dir='ltr'>tiam</span> <span class='ocrx_word' id='word_1_209' title='bbox 260 2819 438 2883; x_wconf 87' lang='lat' dir='ltr'>revocantis</span> <span class='ocrx_word' id='word_1_210' title='bbox 465 2835 534 2881; x_wconf 89' lang='lat' dir='ltr'>esse</span> <span class='ocrx_word' id='word_1_211' title='bbox 562 2816 759 2881; x_wconf 92' lang='lat' dir='ltr'>sententiam.</span> <span class='ocrx_word' id='word_1_212' title='bbox 806 2815 949 2893; x_wconf 81' lang='lat' dir='ltr'>Quonam</span> <span class='ocrx_word' id='word_1_213' title='bbox 979 2817 1063 2881; x_wconf 90' lang='lat' dir='ltr'>enirn</span> <span class='ocrx_word' id='word_1_214' title='bbox 1092 2818 1184 2883; x_wconf 95' lang='lat' dir='ltr'>modo</span> 
     </span>
     <span class='ocr_line' id='line_1_26' title="bbox 157 2918 1184 3003; baseline 0.003 -20"><span class='ocrx_word' id='word_1_215' title='bbox 157 2920 323 3001; x_wconf 88' lang='lat' dir='ltr'>quisquam</span> <span class='ocrx_word' id='word_1_216' title='bbox 346 2918 466 2983; x_wconf 89' lang='lat' dir='ltr'>amicus</span> <span class='ocrx_word' id='word_1_217' title='bbox 489 2938 558 2984; x_wconf 87' lang='lat' dir='ltr'>esse</span> <span class='ocrx_word' id='word_1_218' title='bbox 580 2920 694 3002; x_wconf 89' lang='lat' dir='ltr'>poterit</span> <span class='ocrx_word' id='word_1_219' title='bbox 716 2919 754 3001; x_wconf 89' lang='lat' dir='ltr'>ei,</span> <span class='ocrx_word' id='word_1_220' title='bbox 771 2919 821 2987; x_wconf 89' lang='lat' dir='ltr'>cui</span> <span class='ocrx_word' id='word_1_221' title='bbox 836 2940 871 2985; x_wconf 83' lang='lat' dir='ltr'>se</span> <span class='ocrx_word' id='word_1_222' title='bbox 886 2920 1008 3003; x_wconf 86' lang='lat' dir='ltr'>putabit</span> <span class='ocrx_word' id='word_1_223' title='bbox 1024 2921 1184 2986; x_wconf 90' lang='lat' dir='ltr'>inimicum</span> 
     </span>
     <span class='ocr_line' id='line_1_27' title="bbox 157 3020 1184 3107; baseline 0.001 -20"><span class='ocrx_word' id='word_1_224' title='bbox 157 3041 227 3087; x_wconf 88' lang='lat' dir='ltr'>esse</span> <span class='ocrx_word' id='word_1_225' title='bbox 254 3021 372 3105; x_wconf 79' lang='lat' dir='ltr'>posse?</span> <span class='ocrx_word' id='word_1_226' title='bbox 418 3020 501 3097; x_wconf 78' lang='lat' dir='ltr'>Quin</span> <span class='ocrx_word' id='word_1_227' title='bbox 525 3020 619 3085; x_wconf 90' lang='lat' dir='ltr'>etiam</span> <span class='ocrx_word' id='word_1_228' title='bbox 642 3040 771 3087; x_wconf 89' lang='lat' dir='ltr'>necesse</span> <span class='ocrx_word' id='word_1_229' title='bbox 795 3022 853 3087; x_wconf 90' lang='lat' dir='ltr'>erit</span> <span class='ocrx_word' id='word_1_230' title='bbox 875 3042 988 3105; x_wconf 87' lang='lat' dir='ltr'>cupere</span> <span class='ocrx_word' id='word_1_231' title='bbox 1012 3029 1043 3087; x_wconf 90' lang='lat' dir='ltr'>et</span> <span class='ocrx_word' id='word_1_232' title='bbox 1065 3029 1184 3107; x_wconf 88' lang='lat' dir='ltr'>optare,</span> 
     </span>
     <span class='ocr_line' id='line_1_28' title="bbox 156 3124 1184 3209; baseline 0.001 -20"><span class='ocrx_word' id='word_1_233' title='bbox 156 3131 191 3189; x_wconf 92' lang='lat' dir='ltr'>ut</span> <span class='ocrx_word' id='word_1_234' title='bbox 221 3144 317 3206; x_wconf 91' lang='lat' dir='ltr'>quam</span> <span class='ocrx_word' id='word_1_235' title='bbox 343 3124 509 3208; x_wconf 86' lang='lat' dir='ltr'>sapissime</span> <span class='ocrx_word' id='word_1_236' title='bbox 536 3130 645 3207; x_wconf 90' lang='lat' dir='ltr'>peccet</span> <span class='ocrx_word' id='word_1_237' title='bbox 671 3125 801 3206; x_wconf 91' lang='lat' dir='ltr'>amicus,</span> <span class='ocrx_word' id='word_1_238' title='bbox 825 3144 885 3205; x_wconf 94' lang='lat' dir='ltr'>quo</span> <span class='ocrx_word' id='word_1_239' title='bbox 912 3126 1017 3209; x_wconf 89' lang='lat' dir='ltr'>plures</span> <span class='ocrx_word' id='word_1_240' title='bbox 1043 3124 1098 3190; x_wconf 93' lang='lat' dir='ltr'>det</span> <span class='ocrx_word' id='word_1_241' title='bbox 1123 3127 1184 3191; x_wconf 91' lang='lat' dir='ltr'>sibi</span> 
     </span>
     <span class='ocr_line' id='line_1_29' title="bbox 156 3226 1184 3312; baseline 0.002 -21"><span class='ocrx_word' id='word_1_242' title='bbox 156 3234 317 3309; x_wconf 91' lang='lat' dir='ltr'>tamquam</span> <span class='ocrx_word' id='word_1_243' title='bbox 331 3247 427 3292; x_wconf 90' lang='lat' dir='ltr'>ansas</span> <span class='ocrx_word' id='word_1_244' title='bbox 441 3227 483 3291; x_wconf 91' lang='lat' dir='ltr'>ad</span> <span class='ocrx_word' id='word_1_245' title='bbox 498 3226 806 3312; x_wconf 72' lang='lat' dir='ltr'>reprehendendum,</span> <span class='ocrx_word' id='word_1_246' title='bbox 830 3247 955 3292; x_wconf 88' lang='lat' dir='ltr'>rursum</span> <span class='ocrx_word' id='word_1_247' title='bbox 974 3234 1078 3293; x_wconf 90' lang='lat' dir='ltr'>autem</span> <span class='ocrx_word' id='word_1_248' title='bbox 1099 3235 1184 3294; x_wconf 89' lang='lat' dir='ltr'>recte</span> 
     </span>
     <span class='ocr_line' id='line_1_30' title="bbox 74 3329 1183 3413; baseline 0.002 -19"><span class='ocrx_word' id='word_1_249' title='bbox 74 3407 77 3411; x_wconf 71' lang='lat'>‚</span> <span class='ocrx_word' id='word_1_250' title='bbox 156 3330 249 3394; x_wconf 83' lang='lat' dir='ltr'>sactis</span> <span class='ocrx_word' id='word_1_251' title='bbox 276 3329 509 3411; x_wconf 92' lang='lat' dir='ltr'>commodisque</span> <span class='ocrx_word' id='word_1_252' title='bbox 536 3330 706 3394; x_wconf 90' lang='lat' dir='ltr'>amicorum</span> <span class='ocrx_word' id='word_1_253' title='bbox 728 3350 858 3395; x_wconf 91' lang='lat' dir='ltr'>necesse</span> <span class='ocrx_word' id='word_1_254' title='bbox 881 3331 939 3395; x_wconf 91' lang='lat' dir='ltr'>erit</span> <span class='ocrx_word' id='word_1_255' title='bbox 961 3332 1046 3413; x_wconf 86' lang='lat' dir='ltr'>angi,</span> <span class='ocrx_word' id='word_1_256' title='bbox 1069 3330 1183 3412; x_wconf 86' lang='lat' dir='ltr'>dolere,</span> 
     </span>
     <span class='ocr_line' id='line_1_31' title="bbox 155 3431 1233 3517; baseline -0.002 -21"><span class='ocrx_word' id='word_1_257' title='bbox 155 3431 307 3496; x_wconf 86' lang='lat' dir='ltr'>invidere.</span> <span class='ocrx_word' id='word_1_258' title='bbox 353 3431 457 3508; x_wconf 77' lang='lat' dir='ltr'>Quare</span> <span class='ocrx_word' id='word_1_259' title='bbox 483 3431 542 3496; x_wconf 89' lang='lat' dir='ltr'>hoo</span> <span class='ocrx_word' id='word_1_260' title='bbox 570 3433 695 3513; x_wconf 90' lang='lat' dir='ltr'>quidem</span> <span class='ocrx_word' id='word_1_261' title='bbox 722 3443 934 3517; x_wconf 90' lang='lat' dir='ltr'>praeceptum,</span> <span class='ocrx_word' id='word_1_262' title='bbox 962 3433 1183 3514; x_wconf 89' lang='lat' dir='ltr'>cuiuscumque</span> <span class='ocrx_word' id='word_1_263' title='bbox 1202 3448 1233 3496; x_wconf 88' lang='lat' dir='ltr'>co</span> 
     </span>
     <span class='ocr_line' id='line_1_32' title="bbox 156 3532 1183 3619; baseline -0.001 -19"><span class='ocrx_word' id='word_1_264' title='bbox 156 3541 213 3614; x_wconf 89' lang='lat' dir='ltr'>est,</span> <span class='ocrx_word' id='word_1_265' title='bbox 241 3532 284 3598; x_wconf 89' lang='lat' dir='ltr'>ad</span> <span class='ocrx_word' id='word_1_266' title='bbox 310 3534 480 3599; x_wconf 89' lang='lat' dir='ltr'>tollendam</span> <span class='ocrx_word' id='word_1_267' title='bbox 507 3535 677 3599; x_wconf 89' lang='lat' dir='ltr'>amicitiam</span> <span class='ocrx_word' id='word_1_268' title='bbox 704 3537 805 3619; x_wconf 87' lang='lat' dir='ltr'>valet;</span> <span class='ocrx_word' id='word_1_269' title='bbox 836 3536 912 3600; x_wconf 89' lang='lat' dir='ltr'>illud</span> <span class='ocrx_word' id='word_1_270' title='bbox 938 3536 1041 3619; x_wconf 92' lang='lat' dir='ltr'>potius</span> <span class='ocrx_word' id='word_1_271' title='bbox 1068 3537 1183 3619; x_wconf 90' lang='lat' dir='ltr'>praeci-</span> 
     </span>
     <span class='ocr_line' id='line_1_33' title="bbox 155 3634 1183 3721; baseline 0.003 -22"><span class='ocrx_word' id='word_1_272' title='bbox 155 3634 306 3721; x_wconf 92' lang='lat' dir='ltr'>piendum</span> <span class='ocrx_word' id='word_1_273' title='bbox 334 3636 403 3718; x_wconf 85' lang='lat' dir='ltr'>fuit,</span> <span class='ocrx_word' id='word_1_274' title='bbox 427 3643 461 3700; x_wconf 91' lang='lat' dir='ltr'>ut</span> <span class='ocrx_word' id='word_1_275' title='bbox 489 3657 558 3701; x_wconf 90' lang='lat' dir='ltr'>eam</span> <span class='ocrx_word' id='word_1_276' title='bbox 585 3637 787 3721; x_wconf 62' lang='lat' dir='ltr'>diligentiam¹</span> <span class='ocrx_word' id='word_1_277' title='bbox 806 3638 1027 3703; x_wconf 87' lang='lat' dir='ltr'>adhiberemus</span> <span class='ocrx_word' id='word_1_278' title='bbox 1053 3639 1086 3701; x_wconf 92' lang='lat' dir='ltr'>in</span> <span class='ocrx_word' id='word_1_279' title='bbox 1109 3639 1183 3702; x_wconf 91' lang='lat' dir='ltr'>ami-</span> 
     </span>
     <span class='ocr_line' id='line_1_34' title="bbox 156 3739 1182 3824; baseline 0.001 -20"><span class='ocrx_word' id='word_1_280' title='bbox 156 3739 238 3804; x_wconf 91' lang='lat' dir='ltr'>citiis</span> <span class='ocrx_word' id='word_1_281' title='bbox 253 3739 480 3824; x_wconf 90' lang='lat' dir='ltr'>comparandis,</span> <span class='ocrx_word' id='word_1_282' title='bbox 497 3745 531 3804; x_wconf 90' lang='lat' dir='ltr'>ut</span> <span class='ocrx_word' id='word_1_283' title='bbox 549 3740 730 3822; x_wconf 90' lang='lat' dir='ltr'>nequando</span> <span class='ocrx_word' id='word_1_284' title='bbox 753 3761 859 3806; x_wconf 89' lang='lat' dir='ltr'>amare</span> <span class='ocrx_word' id='word_1_285' title='bbox 877 3741 1086 3824; x_wconf 89' lang='lat' dir='ltr'>inciperemus</span> <span class='ocrx_word' id='word_1_286' title='bbox 1101 3759 1182 3821; x_wconf 88' lang='lat' dir='ltr'>eum,</span> 
     </span>
    </p>
   </div>
   <div class='ocr_carea' id='block_1_3' title="bbox 156 3841 1182 3926">
    <p class='ocr_par' dir='ltr' id='par_1_3' title="bbox 156 3841 1182 3926">
     <span class='ocr_line' id='line_1_35' title="bbox 156 3841 1182 3926; baseline 0.001 -21"><span class='ocrx_word' id='word_1_287' title='bbox 156 3860 250 3923; x_wconf 88' lang='lat' dir='ltr'>quem</span> <span class='ocrx_word' id='word_1_288' title='bbox 271 3841 441 3924; x_wconf 91' lang='lat' dir='ltr'>aliquando</span> <span class='ocrx_word' id='word_1_289' title='bbox 463 3841 567 3908; x_wconf 88' lang='lat' dir='ltr'>odisse</span> <span class='ocrx_word' id='word_1_290' title='bbox 590 3862 760 3926; x_wconf 88' lang='lat' dir='ltr'>possemus.</span> <span class='ocrx_word' id='word_1_291' title='bbox 796 3842 879 3920; x_wconf 77' lang='lat' dir='ltr'>Quin</span> <span class='ocrx_word' id='word_1_292' title='bbox 903 3847 1007 3923; x_wconf 83' lang='lat' dir='ltr'>etiam,</span> <span class='ocrx_word' id='word_1_293' title='bbox 1031 3841 1182 3906; x_wconf 87' lang='lat' dir='ltr'>siminus</span> 
     </span>
    </p>
   </div>
   <div class='ocr_carea' id='block_1_4' title="bbox 0 0 1518 4350">
    <p class='ocr_par' dir='ltr' id='par_1_4' title="bbox 0 0 1518 4350">
     <span class='ocr_line' id='line_1_36' title="bbox 0 0 1518 4350; baseline 0 1"><span class='ocrx_word' id='word_1_294' title='bbox 0 0 1518 4350; x_wconf 95' lang='lat' dir='ltr'> </span> 
     </span>
    </p>
   </div>
  </div>
 </body>
</html>
