3026 4350
484 203 847 270 canaescet-oa
1138 188 1177 252 31

150 386 224 448 sunt
245 385 278 446 et
299 378 496 465 obiurgandi,
510 387 544 445 et
565 380 645 446 haec
666 375 853 463 accipienda
873 375 986 458 amice,
1002 396 1073 442 curn
1094 375 1179 442 beni·

150 483 222 549 vole
236 483 325 550 fiunt
340 484 417 571 ,sed
438 484 545 550 nescio
568 503 629 567 quo
650 481 744 548 modo
766 501 875 546 verum
897 485 955 562 est,
971 478 1056 563 quod
1069 480 1104 545 in
1118 480 1180 544 An·
1197 486 1231 536 8⁹

151 583 220 653 dria
241 586 405 654 familiaris
426 606 516 653 meus
537 586 631 652 dicit:

194 688 424 772 Obsequium
450 690 604 772 amicos,
632 689 776 756 veritas
802 688 927 755 odium
953 688 1060 774 parit.

150 792 282 858 Molesta
311 794 437 876 veritas,
467 792 622 877 siquidem
652 812 694 858 ex
723 812 763 857 ea
791 791 931 857 nascitur
956 790 1073 872 odium,
1094 790 1180 874 quod

150 901 200 961 est
221 915 379 962 vencnum
401 895 568 976 amicitiae,
591 894 648 962 sed
673 894 858 978 obsequium
884 894 982 959 multo
1009 895 1178 975 molestius,

150 997 234 1078 quod
256 999 395 1083 peccatis
416 997 585 1084 indulgens
607 998 811 1084 praecipitem
833 997 969 1062 amicum
990 996 1065 1062 ferri
1087 997 1178 1082 sinit3

149 1101 290 1166 maxima
311 1108 416 1168 autem
440 1103 532 1189 culpa
553 1103 587 1168 in
609 1122 657 1184 eo,
678 1102 732 1184 qui
755 1107 786 1167 et
808 1102 973 1166 veritatem
995 1108 1180 1185 aspernatur

119 1204 121 1207 ’
150 1209 183 1268 et
203 1204 237 1269 in
259 1203 403 1270 fraudem
429 1205 580 1289 obsequio
606 1205 785 1290 impellitur.
831 1201 926 1270 Omni
946 1204 1043 1289 igitur
1063 1202 1124 1269 hac
1145 1204 1179 1269 in

148 1325 184 1372 re
213 1307 362 1374 habenda
390 1309 470 1375 ratio
501 1315 533 1374 et
561 1308 727 1393 diligentia
753 1314 809 1389 est,
832 1307 967 1393 primum
993 1312 1028 1373 ut
1049 1307 1178 1374 monitio

107 1469 111 1476 .
149 1411 331 1493 acerbitate,
359 1410 475 1477 deinde
504 1417 540 1477 ut
568 1411 744 1496 obiurgatio
774 1410 965 1476 contumelia
993 1416 1115 1497 careat;
1144 1410 1178 1476 in

149 1514 300 1597 obsequio
327 1522 443 1598 autem,
467 1516 614 1599 quoniam
636 1515 827 1581 Terentiano
849 1515 946 1580 verbo
968 1514 1103 1580 libenter
1122 1516 1179 1580 uti-

149 1638 228 1700 mur,
252 1619 383 1685 comitas
405 1617 498 1702 adsit,
522 1618 710 1702 adsentatio,
733 1618 879 1683 vitiorum
901 1617 1048 1700 adiutrix,
1071 1618 1180 1703 procul

148 1728 342 1804 amoveatur,
359 1743 440 1805 quae
460 1744 524 1788 non
546 1722 639 1789 modo
661 1722 773 1803 amico,
789 1720 846 1788 sed
868 1741 909 1787 ne
931 1722 1029 1788 libero
1051 1721 1179 1804 quidem

148 1822 247 1908 digna
273 1832 337 1910 est,
368 1826 459 1892 aliter
486 1826 570 1892 enim
597 1846 668 1891 cnm
693 1833 840 1910 tyranno,
863 1825 955 1890 aliter
980 1845 1051 1889 cunr
1077 1825 1179 1891 amico

149 1927 274 1994 vivitur.
320 1928 416 1994 Cuius
438 1935 543 1994 autem
564 1949 658 1995 aures
680 1928 806 1994 clausae
827 1927 953 1994 veritati
975 1933 1058 2010 sunt,
1080 1934 1115 1993 ut
1136 1930 1178 1993 ab
1196 1944 1230 1992 so

148 2031 249 2097 amico
278 2052 389 2097 verum
418 2033 527 2098 audire
556 2038 708 2115 nequeat,
738 2032 831 2098 huius
863 2030 948 2097 salus
981 2029 1179 2116 desperanda

149 2140 205 2200 est.
244 2134 365 2202 Scitum
387 2141 436 2202 est
458 2136 542 2201 enim
563 2134 642 2201 illud
663 2136 803 2217 Catonis,
826 2141 861 2200 ut
883 2135 997 2199 multa:
1026 2135 1178 2221 „melius

148 2237 192 2304 de
211 2237 435 2322 quibusdam
457 2242 613 2306 acerbos
635 2239 809 2305 inimicos
830 2239 966 2305 mereri
987 2258 1094 2320 quam
1116 2260 1178 2307 eos

148 2342 301 2424 amicos,
326 2343 389 2425 qui
411 2342 540 2409 dulces
563 2342 780 2428 videantur3
807 2342 894 2408 illos
916 2362 1042 2408 verum
1065 2362 1177 2428 saepe

147 2445 290 2529 dicere,
313 2446 379 2512 hos
400 2445 627 2529 numquam.“
664 2447 769 2528 Atque
790 2444 867 2510 illud
889 2445 1070 2529 absurdum,
1094 2445 1178 2530 quod

146 2550 179 2632 ii,
203 2549 257 2632 qni
283 2557 461 2631 monentur,
485 2570 555 2614 earn
581 2549 766 2630 molestiam,
790 2568 884 2631 quam
910 2547 1029 2614 debent
1054 2570 1176 2634 capere,

146 2673 211 2718 non
234 2652 372 2739 capiunt,
395 2673 466 2718 eam
489 2652 627 2738 capiunt,
651 2672 714 2735 qua
735 2651 854 2718 debent
875 2672 1005 2737 vacare;
1029 2673 1177 2737 peccasse

146 2756 232 2821 enirn
258 2776 293 2822 se
319 2777 383 2821 non
409 2762 577 2841 anguntur,
601 2755 760 2840 obiurgari
785 2755 916 2822 moleste
941 2755 1063 2841 ferunt3
1094 2756 1177 2840 quod

147 2866 256 2924 contra
278 2860 451 2944 oportebat,
475 2857 589 2924 delicto
611 2858 727 2940 dolere,
751 2858 941 2924 correctione
962 2858 1111 2943 gaudere.

233 2963 277 3029 Ut
302 2963 398 3047 igitur
424 2969 457 3028 et
481 2982 610 3028 monere
636 2969 668 3027 et
689 2962 809 3027 moneri
831 2963 990 3046 proprium
1012 2968 1061 3029 est
1081 2984 1176 3030 verae
1190 2948 1228 3068 {ff

144 3066 306 3132 amicitiae
332 3073 364 3131 et
389 3066 523 3131 alterum
548 3066 646 3131 libere
672 3064 786 3144 facere,
811 3086 875 3130 non
900 3085 1021 3149 aspere,
1044 3067 1175 3133 alterurn

145 3170 304 3255 patienter
318 3170 472 3254 accipere,
484 3189 548 3234 non
559 3174 782 3253 repugnanter,
795 3168 841 3233 sic
853 3167 1035 3234 habendum
1051 3177 1100 3235 est
1111 3172 1176 3236 nul·

145 3274 211 3338 lam
229 3272 263 3338 in
281 3273 428 3338 amicitiis
446 3278 569 3356 pestem
588 3291 658 3337 esse
673 3271 825 3336 maiorem
841 3291 935 3354 quarn
954 3269 1175 3357 adulationem,

145 3375 343 3456 blanditiam,
362 3374 629 3458 adsentationem
655 3374 801 3457 quamvis
821 3373 905 3438 enim
925 3375 1031 3441 multis
1046 3378 1176 3443 nomini·

145 3482 206 3545 bus
222 3485 271 3544 est
285 3479 345 3544 hoc
356 3478 468 3542 vitium
484 3476 658 3543 notandum
672 3477 790 3543 levium
804 3476 966 3541 hominnm
979 3483 1075 3561 atque
1090 3480 1176 3546 falla·

146 3583 230 3647 cium
244 3580 287 3646 ad
303 3581 496 3646 voluntatem
512 3579 704 3662 loquentium
720 3580 834 3660 omnia,
851 3579 929 3644 nihil
943 3579 986 3644 ad
1000 3583 1174 3650 veritatem.

145 3685 225 3751 Ourn
241 3691 347 3750 autem
363 3683 503 3749 omnium
516 3702 620 3748 rerum
636 3682 791 3748 simulatio
802 3683 916 3748 vitiosa
928 3689 976 3748 est
986 3683 1077 3770 (tollit
1092 3688 1176 3753 enim
1193 3708 1227 3758 aa

145 3786 297 3854 iudicium
323 3786 392 3853 veri
421 3784 517 3869 idque
543 3783 723 3872 adulterat),
746 3792 814 3851 tum
839 3785 995 3851 amicitiae
1021 3797 1178 3876 repugnat

1081 3919 1115 4014 ,t
