3026 4350
327 191 370 258 32
627 205 789 263 LAELIUS
805 206 855 262 DE
873 207 1052 263 humma

327 380 481 463 maximc;
499 379 589 446 delet
611 382 695 447 enim
709 382 885 463 veritatem,
902 383 972 448 sine
993 403 1056 466 qua
1070 402 1184 448 nomen
1199 377 1365 445 amicitiae

326 485 433 551 valere
464 504 528 549 non
555 491 667 569 potest.
717 485 800 550 Nam
827 505 898 551 cum
924 486 1082 552 amicitiae
1109 485 1158 550 vis
1184 483 1288 548 sitin
1311 500 1363 561 eo,

325 594 360 651 ut
386 606 467 652 unus
495 588 585 669 quasi
610 588 735 654 animus
756 588 813 652 fiat
835 609 876 654 ex
903 588 1055 672 pluribus,
1083 588 1136 671 qui
1157 585 1191 651 id
1212 584 1284 649 fieri
1307 605 1365 668 po

324 690 406 773 terit,
422 692 449 756 si
468 710 509 755 ne
529 692 562 755 in
581 712 644 757 uno
664 690 792 775 quidem
808 713 932 775 quoque
951 713 1033 758 unns
1048 692 1171 757 animus
1186 688 1246 754 erit
1261 687 1364 753 idem-

273 811 306 858 oa
325 814 387 876 que
410 814 545 878 semper,
569 793 625 860 sed
648 796 764 876 varius,
788 798 1028 877 commutabilis,
1051 792 1237 879 multiplex?
1273 790 1365 868 Quid

324 899 409 962 enim
436 905 539 982 potest
566 917 636 964 esse
663 905 728 963 tam
753 898 903 982 flexibile,
927 907 992 965 tam
1015 900 1151 978 devium,
1174 917 1271 980 quam
1294 894 1366 958 ani-

324 1020 394 1065 mus
422 1001 499 1081 eius,
523 1001 577 1083 qui
604 1000 647 1065 ad
673 1001 803 1066 alterius
829 1022 891 1067 non
919 1001 1012 1068 modo
1039 1021 1166 1068 sensum
1188 1019 1228 1064 ac
1249 998 1365 1064 volun-

324 1110 431 1184 tatem,
454 1103 512 1168 sed
535 1104 631 1168 etiam
654 1105 776 1168 vultum
798 1111 893 1187 atque
915 1111 1026 1170 nutum
1049 1100 1265 1170 convertitur?

366 1206 490 1290 Negat
512 1207 609 1287 quis,
632 1227 744 1291 nego;
772 1207 840 1288 ait,
860 1208 938 1292 aio,
961 1214 1148 1291 postremo
1169 1202 1365 1288 imperavi

1010 1310 1157 1394 egomet
1178 1304 1270 1371 mihi

367 1395 499 1481 Omnia
521 1412 731 1496 adsentari,

323 1522 357 1580 ut
385 1516 432 1579 ait
459 1514 545 1580 idem
568 1516 748 1595 Terentius,
772 1516 830 1582 sed
859 1517 911 1581 ille
939 1518 973 1581 in
1003 1516 1180 1582 Gnathonis
1211 1532 1365 1598 persona,

270 1632 305 1680 94
323 1617 408 1701 quod
429 1618 525 1682 amici
547 1638 649 1701 genus
670 1617 823 1683 adhibere
844 1620 971 1686 omnino
997 1619 1137 1684 levitatis
1164 1624 1221 1683 est.
1268 1616 1366 1681 Multi

320 1727 427 1785 autem
451 1719 653 1785 Gnathonum
680 1720 798 1784 similes
821 1741 892 1785 eum
915 1722 979 1786 sint
999 1721 1075 1800 looo,
1104 1720 1242 1799 fortuna,
1270 1719 1367 1782 fama

321 1822 509 1908 superiores,
531 1821 644 1888 horum
671 1829 720 1887 est
746 1822 924 1889 adsentatio
946 1824 1086 1903 molesta,
1110 1843 1181 1887 cum
1204 1821 1248 1886 ad
1271 1821 1367 1885 vani-

269 1948 302 1995 es
321 1932 421 1991 tatem
435 1925 570 1990 accessit
584 1925 763 1989 auctoritas.
799 1925 927 1990 Secerni
948 1932 1054 1990 autem
1076 1924 1213 1989 blandus
1236 1925 1366 1989 amicus

320 2050 341 2094 a
363 2048 438 2094 vero
461 2034 494 2092 et
515 2027 685 2091 internosci
708 2032 773 2090 tam
792 2033 896 2110 potest
910 2026 1054 2091 adhibita
1068 2026 1245 2111 diligentia,
1263 2046 1372 2109 quam.

320 2132 427 2197 omnia
448 2130 556 2196 fucata
579 2135 610 2194 et
632 2129 779 2194 simulata
800 2150 821 2194 a
842 2130 973 2195 sinceris
995 2136 1091 2212 atque
1113 2130 1207 2195 veris.
1233 2130 1365 2210 Contio,

321 2254 402 2318 quae
418 2253 459 2298 ex
474 2232 720 2317 imperitissimis
737 2237 868 2312 constat,
884 2238 990 2296 tamen
1012 2231 1150 2296 iudicare
1173 2232 1266 2312 solet,
1283 2233 1367 2315 quid

319 2337 442 2401 intersit
467 2336 551 2399 inter
577 2335 771 2419 popularem,
797 2333 831 2398 id
858 2341 906 2399 est
932 2334 1165 2399 adsentatorem
1193 2341 1225 2400 et
1252 2336 1366 2402 levem

267 2459 300 2506 oo
319 2440 433 2519 civem,
457 2443 490 2501 et
510 2437 594 2500 inter
614 2442 822 2516 constantem,
846 2456 989 2501 severum
1013 2442 1045 2500 et
1066 2457 1207 2520 gravem.
1232 2435 1366 2513 Quibus

318 2539 483 2606 blanditiis
502 2539 536 2602 (l,
554 2539 697 2622 Papirius
719 2558 820 2621 nuper
842 2537 994 2603 influebat
1017 2539 1050 2602 in
1072 2559 1165 2604 aures
1189 2540 1366 2623 contionis,

318 2664 390 2709 eum
413 2642 510 2707 ferret
531 2640 634 2723 legem
658 2639 698 2704 de
720 2641 856 2704 tribunis
877 2640 979 2724 plebis
1001 2641 1197 2707 reficiendis!
1227 2642 1366 2709 Dissua-

317 2747 417 2812 simns
443 2761 519 2824 nos;
550 2739 607 2805 sed
632 2740 713 2805 nihil
740 2740 780 2805 de
805 2762 866 2819 me,
893 2741 934 2806 de
956 2743 1103 2827 Scipione
1130 2744 1236 2809 dicam
1260 2746 1367 2812 liben-

316 2849 389 2912 tius.
417 2845 546 2921 Quanta
568 2842 632 2923 illa,
655 2841 688 2907 di
709 2843 900 2924 inmortales,
924 2844 983 2908 fuit
1005 2846 1154 2929 gravitas,
1178 2854 1306 2929 quanta
1329 2850 1367 2915 in

316 2949 460 3017 oratione
487 2945 653 3011 maiestas!
684 2952 719 3009 ut
740 2945 833 3010 facile
856 2945 967 3011 ducem
990 2949 1098 3031 populi
1120 2951 1270 3033 Romani,
1296 2974 1366 3019 non

316 3052 465 3119 comitem
482 3048 612 3113 diceres.
636 3047 701 3114 Sed
722 3046 877 3128 adfuistis,
894 3056 926 3113 et
947 3056 995 3114 est
1016 3051 1050 3113 in
1072 3053 1222 3118 manibus
1246 3057 1375 3122 oratio·

315 3157 429 3235 Itaque
451 3151 505 3215 lex
527 3149 688 3233 popularis
710 3149 868 3231 suffragiis
891 3151 999 3234 populi
1021 3153 1189 3235 repudiata
1208 3163 1272 3222 est.
1308 3161 1366 3224 At·

315 3277 389 3341 que,
416 3260 452 3319 ut
477 3252 521 3316 ad
547 3272 599 3316 me
629 3250 768 3331 redeam,
795 3251 991 3334 meministis,
1018 3253 1056 3329 Q.
1077 3255 1231 3339 Maximo,
1261 3260 1367 3329 fratre

315 3356 484 3443 Scipionis,
509 3359 541 3418 et
562 3354 597 3417 L,
614 3352 760 3417 Mancino
787 3353 967 3419 consulibus
989 3375 1084 3437 quam
1111 3360 1278 3443 popularis
1307 3364 1367 3431 lex

315 3460 356 3526 de
379 3454 565 3525 sacerdotiis
582 3455 615 3519 O.
632 3453 733 3519 Licini
750 3454 855 3518 Crassi
870 3452 1049 3520 videbatur!
1079 3459 1248 3543 cooptatio
1273 3468 1367 3534 enim

315 3560 520 3643 collegiorum
557 3556 599 3619 ad
639 3555 746 3639 populi
779 3554 967 3620 beneficium
1000 3559 1276 3651 transferebatur3
1317 3578 1367 3635 at-

307 3682 378 3745 wque
400 3662 428 3725 is
450 3659 571 3744 primus
597 3656 733 3722 instituit
758 3655 792 3719 in
818 3655 920 3720 forum
942 3678 1052 3725 versus
1078 3681 1176 3744 agere
1204 3686 1280 3733 cum
1308 3693 1367 3755 pc

313 3765 398 3849 pulo.
425 3761 548 3825 Tamen
570 3757 653 3822 illius
674 3755 867 3822 vendibilem
894 3759 1064 3825 orationem
1079 3764 1199 3849 religio
1223 3768 1367 3839 deorum
