3026 4350
497 225 579 280 cAP.
594 229 703 283 10-12.
721 230 737 290 ὅ
750 220 860 282 35-41ζ
1153 216 1193 278 15

159 397 300 482 perfecta
321 397 449 482 quidem
476 398 633 483 sapientia
659 399 686 464 si
709 399 815 480 simus,
839 398 917 464 nihil
938 399 1056 466 habeat
1077 422 1128 467 res
1149 402 1193 467 ri-

159 501 205 566 tii.
250 502 314 569 Sed
336 503 492 585 loquimur
518 501 558 568 dc
584 503 624 568 iis
651 502 770 583 amicis,
794 503 847 584 qui
875 511 950 568 ante
977 504 1084 571 oculos
1110 511 1192 587 sunt,

160 624 238 686 quos
264 604 409 671 videmus
435 612 490 670 aut
516 605 557 671 de
584 606 697 688 quibus
724 606 875 671 memoria
901 608 1090 692 accepimus,
1114 628 1193 691 qnos

160 708 249 773 novit
269 710 337 773 vita
359 708 550 794 communis3
574 729 614 774 ex
637 707 699 774 hoc
720 728 850 773 numero
867 709 958 775 nobis
981 711 1128 794 exempla
1143 731 1191 776 su·

159 811 276 876 menda
291 819 374 893 sunt,
390 818 542 877 eteorum
559 810 687 894 quidem
701 812 850 893 maxime,
867 812 921 894 qui
942 812 983 877 ad
1003 813 1192 896 sapientiam

159 915 302 997 proxime
329 914 492 980 accedunt.
532 915 684 980 Videmus
711 915 834 999 Papum
861 915 1030 981 Aemilium
1056 917 1192 982 Luscino
1210 935 1243 983 ao

159 1016 348 1083 familiarem
363 1018 460 1084 fuisse
476 1018 536 1106 (sic
554 1039 575 1083 a
589 1019 732 1102 patribus
753 1018 957 1103 accepimns),
973 1019 1023 1086 bis
1042 1040 1107 1084 nna
1123 1040 1192 1085 con-

160 1120 254 1204 sules,
271 1121 407 1205 collegas
422 1122 455 1186 in
471 1141 621 1206 censura3
644 1126 758 1187 tumet
774 1141 845 1185 cum
860 1121 899 1185 iis
915 1127 946 1186 et
960 1121 1043 1186 inter
1064 1142 1099 1188 se
1122 1143 1192 1188 con-

159 1221 371 1290 iunctissimos
397 1223 496 1290 fuisse
522 1225 574 1290 Μ’.
592 1225 730 1305 Gurinm,
756 1224 804 1289 'Ii
822 1225 1052 1290 Coruncanium
1079 1247 1193 1292 memo·

158 1326 224 1391 riae
246 1326 403 1412 proditum
426 1335 481 1394 est.
517 1328 617 1412 Igitur
639 1348 680 1393 ne
702 1327 856 1412 suspicari
878 1328 1005 1410 quidem
1027 1348 1192 1411 possumus

159 1449 349 1512 quemquam
371 1430 482 1496 horum
504 1432 546 1495 ab
568 1431 670 1496 amico
693 1431 854 1515 quippiam
877 1430 1088 1514 contendisse,
1109 1431 1192 1514 quod

159 1539 269 1598 contra
290 1533 395 1616 fidem,
415 1541 524 1600 contra
545 1535 594 1599 ins
616 1534 793 1615 iurandum,
814 1540 922 1599 contra
944 1555 1011 1599 rem
1033 1535 1192 1619 publicam

159 1641 251 1701 esset.
282 1637 366 1701 Nam
388 1636 449 1703 hoc
471 1636 599 1719 quidem
621 1636 654 1701 in
678 1638 794 1702 talibus
816 1637 892 1701 viris
916 1636 992 1719 quid
1014 1638 1127 1702 attinet
1149 1637 1192 1703 di-

159 1759 239 1821 cere,
263 1740 290 1806 si
313 1740 536 1823 contendisset,
559 1743 798 1825 impetraturum
820 1762 883 1805 non
907 1740 1031 1806 fuisse?
1054 1762 1125 1806 cum
1147 1742 1192 1807 illi

159 1844 348 1909 sanctissimi
375 1845 435 1910 viri
461 1844 587 1927 luerint,
610 1865 712 1928 aeque
738 1852 844 1910 autem
873 1843 964 1910 nefas
991 1844 1033 1909 sit
1053 1845 1116 1910 tale
1138 1845 1192 1910 ali-

158 1945 235 2028 quid
258 1955 289 2012 et
311 1948 416 2013 facere
438 1957 582 2032 rogatum
605 1954 637 2013 et
658 1969 778 2033 rogare.
802 1949 845 2013 At
859 1967 934 2013 vero
950 1948 997 2012 Ti.
1015 1947 1191 2013 Gracchum

158 2051 371 2131 sequebantur
393 2053 428 2118 G.
445 2052 558 2133 Carbo,
588 2052 622 2118 G.
639 2051 726 2133 Cato,
755 2057 786 2117 et
812 2050 944 2116 minime
969 2057 1036 2115 tum
1064 2050 1191 2132 quidem

159 2152 193 2217 G.
210 2148 307 2218 frater
328 2174 412 2219 nunc
433 2155 519 2220 idem
540 2155 719 2220 acerrimus.

244 2257 332 2322 Haec
357 2258 453 2342 igitur
478 2259 531 2324 lex
553 2258 587 2322 in
610 2258 750 2323 amicitia
771 2259 939 2338 sanciatur,
963 2263 998 2322 ut
1020 2277 1124 2339 neque
1146 2278 1192 2322 ro
1209 2242 1245 2363 ἐξ

156 2379 269 2443 gemus
291 2380 342 2427 res
364 2368 472 2446 turpes
494 2382 554 2426 nec
576 2362 729 2426 faciamus
751 2361 862 2446 rogati.
893 2360 1008 2444 Turpis
1031 2361 1116 2426 enim
1130 2381 1191 2425 ex·

158 2462 278 2527 cusatio
302 2470 350 2529 est
372 2470 404 2528 et
425 2464 555 2529 minime
577 2462 763 2549 accipienda
786 2483 856 2528 cum
883 2463 915 2527 in
944 2463 1056 2528 ceteris
1083 2483 1191 2547 pecca-

158 2564 209 2645 tis,
239 2571 305 2630 tum
335 2566 362 2631 si
392 2567 462 2649 quis
493 2574 601 2632 contra
630 2587 697 2632 rem
726 2567 885 2650 publicam
912 2586 947 2631 se
973 2566 1067 2630 amici
1095 2586 1191 2631 cansa

157 2668 271 2735 fecisse
294 2671 438 2736 fateatur.
473 2672 599 2736 Etenim
622 2691 659 2735 eo
682 2671 760 2750 loco,
783 2670 885 2734 Fanni
910 2676 941 2733 et
964 2670 1127 2751 Scaevola,
1150 2670 1190 2734 lo

158 2773 220 2837 cati
235 2794 351 2856 sumus,
367 2781 403 2839 ut
417 2795 477 2841 nos
492 2775 586 2859 longe
601 2775 779 2859 prospicere
799 2779 941 2856 oporteat
960 2774 1081 2837 futuros
1100 2792 1190 2838 casus

114 2912 118 2919 x
156 2876 203 2940 rei
224 2877 378 2961 publicae.
402 2877 543 2943 Deflexit
564 2878 629 2942 iam
650 2878 847 2959 aliquantum
870 2876 910 2941 de
933 2876 1035 2960 spatio
1059 2876 1191 2940 cunicu-
1248 2930 1251 2938 .

156 2980 250 3062 loque
273 2980 465 3046 consuetudo
487 2982 650 3046 maiorum.
696 2980 744 3045 Ti.
765 2979 925 3045 Gracchus
947 2999 1080 3064 regnum
1103 2999 1191 3043 occu·
1209 2999 1241 3046 41

157 3103 232 3167 pare
248 3092 379 3150 conatus
398 3091 454 3166 est,
471 3086 522 3149 vel
544 3084 691 3169 regnavit
713 3085 741 3149 is
763 3082 891 3166 quidem
914 3102 1032 3165 paucos
1054 3101 1188 3147 menses.

156 3187 334 3269 Numquid
356 3188 457 3253 simile
472 3188 606 3271 populus
621 3188 781 3251 Romanus
803 3184 946 3249 audierat
967 3190 1022 3247 aut
1044 3182 1190 3249 viderat?

157 3289 250 3353 Hunc
273 3290 369 3353 etiam
391 3295 615 3373 postmortem
639 3289 738 3354 secuti
759 3287 853 3352 amici
877 3293 908 3351 et
926 3286 1094 3372 propinqui
1115 3285 1191 3368 qnid

156 3392 191 3456 in
213 3394 247 3458 P.
264 3394 413 3477 Scipione
441 3394 603 3459 effecerint
630 3394 699 3459 sine
725 3392 863 3457 lacrimis
884 3411 948 3456 non
972 3409 1052 3473 queo
1074 3389 1189 3455 dicere.

157 3496 241 3561 Nam
265 3497 453 3579 Carbonem,
478 3517 600 3580 quoquo
627 3495 721 3562 modo
742 3495 911 3580 potuimus,
935 3499 1062 3578 propter
1084 3512 1191 3557 recen-

157 3606 221 3664 tem
254 3621 391 3686 poenam
421 3602 469 3666 Ti.
493 3600 627 3667 Gracchi
661 3599 885 3682 sustinuimus;
922 3597 962 3663 de
996 3597 1030 3662 G.
1055 3595 1190 3660 Gracchi

157 3710 263 3768 autem
285 3704 445 3770 tribunatu
462 3705 538 3787 quid
561 3711 736 3787 expectem,
751 3722 814 3767 non
837 3702 916 3766 libet
937 3698 1094 3783 augurari.
1123 3699 1191 3764 Ser·

158 3807 204 3895 pit
225 3807 260 3876 id
281 3808 315 3877 in
338 3807 415 3893 dies,
432 3828 544 3896 resque
566 3806 714 3897 proclivis
736 3805 778 3869 ad
799 3804 981 3895 perniciem,
999 3823 1070 3869 curn
1094 3800 1192 3867 semel

1116 3940 1148 4000 ὃ*
