3026 4350
315 162 357 226 26
616 177 777 235 LAELIUS
794 178 844 232 DE
862 178 1050 235 AMICITIA.

315 352 465 434 excellas,
487 371 597 417 omnes
621 358 690 417 tuos
712 351 754 416 ad
776 351 911 419 honores
933 353 1144 438 amplissimos
1166 353 1345 439 perducere,
1399 333 1403 340 ’

314 462 350 521 ut
375 455 480 540 Scipio
503 456 537 521 P.
553 454 714 540 Rupilium
741 455 843 541 potuit
870 457 1030 522 consulem
1058 457 1192 538 efficere,
1218 456 1345 520 fratrem

315 559 383 627 eius
397 560 432 623 L.
450 578 513 623 non
535 560 654 643 potuit3
678 557 812 641 quodsi
834 560 931 625 etiam
953 560 1055 645 possis
1077 560 1201 644 quidvis
1223 558 1345 624 deferre
1474 594 1475 641 γ

312 662 355 727 ad
384 662 528 744 alterum,
558 661 730 727 videndum
760 669 808 728 est
837 669 955 745 tamen,
986 662 1062 746 quid
1091 664 1144 729 ille
1171 663 1270 748 possit
1300 682 1346 728 su·

313 766 440 831 stinere.

262 885 295 934 74
400 868 536 935 Omnino
558 868 717 934 amicitiae
740 869 946 935 corroboratis
961 870 1025 935 iam
1041 869 1294 951 confirmatisque
1315 874 1347 933 et

312 972 450 1056 ingeniis
480 978 511 1037 et
540 972 700 1038 aetatibus
730 971 920 1038 iudicandae
950 978 1032 1054 sunt,
1063 993 1130 1053 uec,
1161 972 1189 1037 si
1219 972 1273 1055 qui
1303 972 1347 1036 in·
1475 980 1476 995 ¹

312 1082 407 1141 eunte
440 1081 545 1141 aetate
578 1076 717 1140 venandi
752 1081 809 1140 aut
837 1076 919 1160 pilae
956 1076 1087 1142 studiosi
1117 1076 1257 1155 fuerunt,
1293 1094 1347 1143 eos

311 1178 431 1244 habere
461 1178 666 1260 necessarios,
699 1199 776 1261 quos
806 1185 874 1244 tum
906 1179 1017 1244 eodem
1052 1177 1156 1245 studio
1187 1178 1347 1263 praeditos

312 1281 500 1346 dilexerunt.
567 1282 632 1346 Isto
670 1282 754 1346 enim
792 1282 885 1348 modo
922 1284 1059 1348 nutrices
1096 1288 1128 1347 et
1166 1281 1346 1366 paedagogi

311 1384 379 1450 iure
401 1384 567 1450 vetustatis
589 1384 758 1469 plurimum
781 1385 1013 1451 benivolentiae
1039 1385 1261 1470 postulabunt3
1293 1383 1346 1467 qui

311 1486 503 1572 neglegendi
534 1486 663 1569 quidem
693 1507 756 1552 non
796 1494 879 1570 sunt,
906 1487 963 1553 sed
989 1489 1051 1554 alio
1085 1486 1222 1571 quodam
1252 1487 1346 1555 modo

311 1590 520 1658 aestimandi.
575 1591 675 1657 Aliter
705 1591 863 1656 amicitiae
893 1591 1022 1657 stabiles
1055 1611 1242 1675 permanere
1281 1612 1345 1656 non

311 1698 451 1780 possunt.
511 1694 662 1778 Dispares
695 1695 780 1759 enim
814 1714 931 1774 mores,
970 1693 1109 1779 disparia
1154 1694 1261 1759 studia
1301 1714 1345 1759 se·

312 1805 458 1881 quuntur,
489 1817 620 1880 quorum
654 1795 875 1863 dissimilitudo
910 1797 1059 1863 dissociat
1080 1797 1252 1882 amicitias3
1285 1817 1345 1862 uec

311 1902 351 1969 ob
382 1902 477 1966 aliam
507 1920 635 1965 causam
665 1900 760 1965 ullam
786 1900 862 1965 boni
888 1900 1054 1985 improbis,
1085 1900 1220 1985 improbi
1253 1900 1345 1966 bouis

310 2005 405 2070 amici
431 2024 501 2070 esse
528 2025 592 2071 uon
619 2009 762 2087 possunt,
786 2003 847 2068 nisi
869 2003 953 2085 quod
978 2009 1069 2070 tanta
1094 2010 1143 2070 est
1169 2004 1253 2070 inter
1280 2023 1343 2083 eos,

312 2113 431 2191 quanta
474 2107 615 2172 maxima
659 2111 764 2191 potest
809 2125 896 2188 esse,
943 2127 1062 2173 morum
1108 2106 1344 2190 studiorumque

311 2211 471 2277 distantia.

260 2339 291 2386 rs
396 2316 494 2379 Recte
521 2314 617 2378 etiam
644 2312 784 2398 praecipi
806 2318 910 2398 potest
936 2312 970 2377 in
992 2312 1149 2394 amicitiis,
1172 2332 1214 2378 ne
1235 2313 1344 2378 intem-

310 2423 420 2503 perata
435 2415 591 2499 quaedam
614 2415 837 2497 benivolentia,
854 2414 938 2498 quod
957 2435 1111 2500 persaepe
1132 2415 1177 2498 fit,
1192 2415 1345 2500 impediat

309 2541 443 2604 magnas
472 2520 623 2585 utilitates
650 2519 833 2585 amicorum.
878 2521 947 2585 Nec
973 2519 1067 2601 enim,
1090 2525 1125 2584 ut
1150 2518 1193 2585 ad
1218 2518 1344 2585 fabulas

310 2623 448 2703 redeam,
471 2623 598 2689 Troiam
620 2624 846 2708 Neoptolemus
873 2644 986 2709 capere
1008 2625 1172 2709 potuisset,
1196 2623 1223 2690 si
1244 2623 1343 2708 Lyco

310 2726 445 2808 medem,
471 2725 558 2812 apud
584 2745 678 2808 quem
705 2732 773 2791 erat
799 2725 960 2809 educatus,
983 2727 1089 2792 multis
1111 2747 1183 2792 cum
1204 2727 1344 2792 lacrimis

308 2832 370 2898 iter
396 2850 487 2895 suum
514 2829 739 2914 impedientem
766 2827 876 2894 audire
897 2830 1057 2896 voluisset.
1103 2831 1144 2896 Et
1174 2850 1270 2917 saepe
1299 2830 1343 2895 irr-

310 2933 419 2999 cidunt
440 2952 578 3016 magnae
599 2952 659 3013 res,
683 2939 717 2996 ut
739 2931 965 2999 discedendum
988 2934 1029 2998 sit
1050 2935 1090 2999 ab
1114 2934 1240 3018 amicis3
1264 2953 1343 3016 quas

310 3037 364 3119 qui
389 3033 542 3120 impedire
569 3036 646 3118 vult,
670 3034 754 3118 quod
780 3034 971 3101 desiderium
998 3057 1062 3102 nou
1084 3036 1177 3102 facile
1199 3036 1288 3118 ferat,
1316 3036 1344 3102 is

309 3145 341 3204 et
366 3137 510 3203 infirmus
537 3145 585 3202 est
610 3138 776 3220 mollisque
802 3144 916 3202 natura
938 3145 970 3203 et
991 3138 1043 3221 ob
1056 3158 1126 3204 eam
1148 3140 1250 3224 ipsam
1273 3160 1343 3204 cau-

259 3262 378 3310 rosam
399 3240 433 3305 in
453 3240 595 3306 amicitia
617 3261 728 3327 parum
751 3241 861 3306 iustus.
906 3243 1011 3325 Atque
1037 3241 1071 3307 in
1098 3242 1184 3307 omni
1210 3262 1245 3308 re
1271 3262 1343 3308 con·

308 3343 512 3410 siderandum
534 3350 583 3410 est
605 3351 637 3410 et
658 3343 735 3428 quid
756 3343 897 3429 postules
910 3345 953 3412 ab
967 3345 1070 3411 amico
1085 3351 1117 3410 et
1132 3344 1208 3429 quid
1221 3346 1343 3431 patiare

307 3468 329 3513 a
350 3455 382 3513 te
404 3447 574 3532 impetrari

256 3564 292 3621 21
394 3551 451 3617 Est
472 3550 568 3617 etiam
591 3551 747 3633 quaedam
770 3544 932 3616 calamitas
954 3552 987 3617 iu
1013 3552 1160 3619 amicitiis
1185 3552 1342 3619 dimitten-

310 3652 360 3719 dis
385 3672 449 3718 uon
478 3673 649 3735 numquam
679 3653 875 3738 necessaria;
905 3655 969 3720 iam
996 3655 1080 3720 enim
1105 3676 1127 3721 a
1152 3657 1342 3742 sapientium

236 3796 241 3802 -
308 3755 573 3820 familiaritatibus
599 3754 641 3820 ad
662 3757 810 3839 vulgares
831 3757 986 3824 amicitias
1008 3757 1108 3824 oratio
1129 3765 1237 3825 nostra
1259 3758 1342 3825 dela
