<?xml version="1.0" encoding="UTF-8"?>
<!DOCTYPE html PUBLIC "-//W3C//DTD XHTML 1.0 Transitional//EN"
    "http://www.w3.org/TR/xhtml1/DTD/xhtml1-transitional.dtd">
<html xmlns="http://www.w3.org/1999/xhtml" xml:lang="en" lang="en">
 <head>
  <title>
</title>
<meta http-equiv="Content-Type" content="text/html;charset=utf-8" />
  <meta name='ocr-system' content='tesseract 3.04.00' />
  <meta name='ocr-capabilities' content='ocr_page ocr_carea ocr_par ocr_line ocrx_word'/>
</head>
<body>
  <div class='ocr_page' id='page_1' title='image "./mtulliciceronis01schigoog_0043.png"; bbox 0 0 3026 4350; ppageno 0'>
   <div class='ocr_carea' id='block_1_1' title="bbox 280 1150 314 1268">
    <p class='ocr_par' dir='ltr' id='par_1_1' title="bbox 280 1150 314 1268">
     <span class='ocr_line' id='line_1_1' title="bbox 280 1150 314 1202; baseline 0.029 -1"><span class='ocrx_word' id='word_1_1' title='bbox 280 1150 314 1202; x_wconf 92' lang='grc'><strong>11</strong></span> 
     </span>
     <span class='ocr_line' id='line_1_2' title="bbox 280 1221 313 1268; baseline 0 0"><span class='ocrx_word' id='word_1_2' title='bbox 280 1221 313 1268; x_wconf 84' lang='grc'><strong>36</strong></span> 
     </span>
    </p>
   </div>
   <div class='ocr_carea' id='block_1_2' title="bbox 281 1599 313 1646">
    <p class='ocr_par' dir='ltr' id='par_1_2' title="bbox 281 1599 313 1646">
     <span class='ocr_line' id='line_1_3' title="bbox 281 1599 313 1646; baseline 0 0"><span class='ocrx_word' id='word_1_3' title='bbox 281 1599 313 1646; x_wconf 82' lang='grc'><strong>37</strong></span> 
     </span>
    </p>
   </div>
   <div class='ocr_carea' id='block_1_3' title="bbox 286 3674 320 3723">
    <p class='ocr_par' dir='ltr' id='par_1_3' title="bbox 286 3674 320 3723">
     <span class='ocr_line' id='line_1_4' title="bbox 286 3674 320 3723; baseline 0 0"><span class='ocrx_word' id='word_1_4' title='bbox 286 3674 320 3723; x_wconf 82' lang='grc'><strong>38</strong></span> 
     </span>
    </p>
   </div>
   <div class='ocr_carea' id='block_1_4' title="bbox 331 154 1063 228">
    <p class='ocr_par' dir='ltr' id='par_1_4' title="bbox 331 154 1063 228">
     <span class='ocr_line' id='line_1_5' title="bbox 331 154 1063 228; baseline 0.014 -10"><span class='ocrx_word' id='word_1_5' title='bbox 331 154 373 218; x_wconf 89' lang='grc'><strong>14</strong></span> <span class='ocrx_word' id='word_1_6' title='bbox 628 171 789 228; x_wconf 83' lang='lat' dir='ltr'>LAELIUS</span> <span class='ocrx_word' id='word_1_7' title='bbox 806 172 857 227; x_wconf 81' lang='lat' dir='ltr'><strong>DE</strong></span> <span class='ocrx_word' id='word_1_8' title='bbox 875 172 1063 228; x_wconf 81' lang='lat' dir='ltr'>AMICITIA.</span> 
     </span>
    </p>
   </div>
   <div class='ocr_carea' id='block_1_5' title="bbox 329 343 1367 1259">
    <p class='ocr_par' dir='ltr' id='par_1_5' title="bbox 329 343 1367 1135">
     <span class='ocr_line' id='line_1_6' title="bbox 330 343 1365 428; baseline 0.002 -20"><span class='ocrx_word' id='word_1_9' title='bbox 330 350 537 428; x_wconf 80' lang='lat' dir='ltr'><strong>arguerentur</strong></span> <span class='ocrx_word' id='word_1_10' title='bbox 558 345 599 410; x_wconf 91' lang='lat' dir='ltr'><strong>ab</strong></span> <span class='ocrx_word' id='word_1_11' title='bbox 622 343 671 425; x_wconf 79' lang='lat' dir='ltr'><strong>irs,</strong></span> <span class='ocrx_word' id='word_1_12' title='bbox 695 344 809 426; x_wconf 92' lang='lat' dir='ltr'><strong>quibus</strong></span> <span class='ocrx_word' id='word_1_13' title='bbox 832 345 963 427; x_wconf 89' lang='lat' dir='ltr'><strong>obsequi</strong></span> <span class='ocrx_word' id='word_1_14' title='bbox 985 346 1112 411; x_wconf 89' lang='lat' dir='ltr'><strong>nollent.</strong></span> <span class='ocrx_word' id='word_1_15' title='bbox 1147 346 1223 411; x_wconf 91' lang='lat' dir='ltr'><strong>lllos</strong></span> <span class='ocrx_word' id='word_1_16' title='bbox 1244 352 1365 426; x_wconf 89' lang='lat' dir='ltr'><strong>autem,</strong></span> 
     </span>
     <span class='ocr_line' id='line_1_7' title="bbox 332 447 1366 535; baseline 0.003 -24"><span class='ocrx_word' id='word_1_17' title='bbox 332 448 385 530; x_wconf 95' lang='lat' dir='ltr'><strong>qui</strong></span> <span class='ocrx_word' id='word_1_18' title='bbox 415 447 540 532; x_wconf 86' lang='lat' dir='ltr'><strong>quidvis</strong></span> <span class='ocrx_word' id='word_1_19' title='bbox 569 449 610 513; x_wconf 93' lang='lat' dir='ltr'><strong>ab</strong></span> <span class='ocrx_word' id='word_1_20' title='bbox 641 449 742 514; x_wconf 88' lang='lat' dir='ltr'><strong>amico</strong></span> <span class='ocrx_word' id='word_1_21' title='bbox 771 448 925 514; x_wconf 82' lang='lat' dir='ltr'><strong>auderent</strong></span> <span class='ocrx_word' id='word_1_22' title='bbox 954 450 1123 534; x_wconf 88' lang='lat' dir='ltr'><strong>postulare,</strong></span> <span class='ocrx_word' id='word_1_23' title='bbox 1153 449 1366 535; x_wconf 80' lang='lat' dir='ltr'><strong>postulatione</strong></span> 
     </span>
     <span class='ocr_line' id='line_1_8' title="bbox 329 550 1367 635; baseline 0.003 -21"><span class='ocrx_word' id='word_1_24' title='bbox 329 551 400 634; x_wconf 89' lang='lat' dir='ltr'><strong>ipsa</strong></span> <span class='ocrx_word' id='word_1_25' title='bbox 421 550 560 635; x_wconf 89' lang='lat' dir='ltr'><strong>profiteri</strong></span> <span class='ocrx_word' id='word_1_26' title='bbox 582 551 688 616; x_wconf 89' lang='lat' dir='ltr'><strong>omnia</strong></span> <span class='ocrx_word' id='word_1_27' title='bbox 710 572 744 617; x_wconf 91' lang='lat' dir='ltr'><strong>se</strong></span> <span class='ocrx_word' id='word_1_28' title='bbox 765 553 861 617; x_wconf 91' lang='lat' dir='ltr'><strong>amici</strong></span> <span class='ocrx_word' id='word_1_29' title='bbox 882 573 977 618; x_wconf 90' lang='lat' dir='ltr'><strong>causa</strong></span> <span class='ocrx_word' id='word_1_30' title='bbox 992 573 1062 619; x_wconf 92' lang='lat' dir='ltr'><strong>esse</strong></span> <span class='ocrx_word' id='word_1_31' title='bbox 1078 553 1223 620; x_wconf 80' lang='lat' dir='ltr'><strong>facturos.</strong></span> <span class='ocrx_word' id='word_1_32' title='bbox 1246 554 1367 618; x_wconf 86' lang='lat' dir='ltr'><strong>Eorum</strong></span> 
     </span>
     <span class='ocr_line' id='line_1_9' title="bbox 330 655 1367 742; baseline 0.002 -23"><span class='ocrx_word' id='word_1_33' title='bbox 330 655 459 738; x_wconf 92' lang='lat' dir='ltr'><strong>querela</strong></span> <span class='ocrx_word' id='word_1_34' title='bbox 484 655 660 720; x_wconf 88' lang='lat' dir='ltr'><strong>inveterata</strong></span> <span class='ocrx_word' id='word_1_35' title='bbox 686 676 749 720; x_wconf 93' lang='lat' dir='ltr'><strong>non</strong></span> <span class='ocrx_word' id='word_1_36' title='bbox 775 656 868 721; x_wconf 91' lang='lat' dir='ltr'><strong>modo</strong></span> <span class='ocrx_word' id='word_1_37' title='bbox 894 656 1125 723; x_wconf 80' lang='lat' dir='ltr'><strong>familiaritates</strong></span> <span class='ocrx_word' id='word_1_38' title='bbox 1151 657 1295 742; x_wconf 82' lang='lat' dir='ltr'><strong>extingui</strong></span> <span class='ocrx_word' id='word_1_39' title='bbox 1317 677 1367 722; x_wconf 91' lang='lat' dir='ltr'><strong>sc-</strong></span> 
     </span>
     <span class='ocr_line' id='line_1_10' title="bbox 329 757 1367 844; baseline 0.003 -23"><span class='ocrx_word' id='word_1_40' title='bbox 329 757 403 838; x_wconf 91' lang='lat' dir='ltr'><strong>lere,</strong></span> <span class='ocrx_word' id='word_1_41' title='bbox 427 758 484 823; x_wconf 93' lang='lat' dir='ltr'><strong>sed</strong></span> <span class='ocrx_word' id='word_1_42' title='bbox 510 757 584 824; x_wconf 87' lang='lat' dir='ltr'><strong>odia</strong></span> <span class='ocrx_word' id='word_1_43' title='bbox 610 759 703 825; x_wconf 91' lang='lat' dir='ltr'><strong>etiam</strong></span> <span class='ocrx_word' id='word_1_44' title='bbox 731 758 821 843; x_wconf 81' lang='lat' dir='ltr'><strong>gigni</strong></span> <span class='ocrx_word' id='word_1_45' title='bbox 843 760 1044 844; x_wconf 86' lang='lat' dir='ltr'><strong>sempitema.</strong></span> <span class='ocrx_word' id='word_1_46' title='bbox 1089 761 1177 825; x_wconf 85' lang='lat' dir='ltr'><strong>Haec</strong></span> <span class='ocrx_word' id='word_1_47' title='bbox 1198 761 1244 825; x_wconf 87' lang='lat' dir='ltr'><strong>ita</strong></span> <span class='ocrx_word' id='word_1_48' title='bbox 1264 760 1367 824; x_wconf 89' lang='lat' dir='ltr'><strong>multa</strong></span> 
     </span>
     <span class='ocr_line' id='line_1_11' title="bbox 330 861 1365 947; baseline 0.002 -21"><span class='ocrx_word' id='word_1_49' title='bbox 330 861 421 944; x_wconf 86' lang='lat' dir='ltr'><strong>quasi</strong></span> <span class='ocrx_word' id='word_1_50' title='bbox 450 862 517 927; x_wconf 89' lang='lat' dir='ltr'><strong>fata</strong></span> <span class='ocrx_word' id='word_1_51' title='bbox 546 861 730 947; x_wconf 87' lang='lat' dir='ltr'><strong>impendere</strong></span> <span class='ocrx_word' id='word_1_52' title='bbox 760 863 917 945; x_wconf 88' lang='lat' dir='ltr'><strong>amicitiis,</strong></span> <span class='ocrx_word' id='word_1_53' title='bbox 944 870 979 929; x_wconf 93' lang='lat' dir='ltr'><strong>ut</strong></span> <span class='ocrx_word' id='word_1_54' title='bbox 1009 865 1115 929; x_wconf 89' lang='lat' dir='ltr'><strong>omnia</strong></span> <span class='ocrx_word' id='word_1_55' title='bbox 1145 863 1365 946; x_wconf 82' lang='lat' dir='ltr'><strong>subterfugere</strong></span> 
     </span>
     <span class='ocr_line' id='line_1_12' title="bbox 330 964 1366 1050; baseline 0 -20"><span class='ocrx_word' id='word_1_56' title='bbox 330 985 394 1030; x_wconf 91' lang='lat' dir='ltr'><strong>non</strong></span> <span class='ocrx_word' id='word_1_57' title='bbox 423 964 517 1032; x_wconf 88' lang='lat' dir='ltr'><strong>modu</strong></span> <span class='ocrx_word' id='word_1_58' title='bbox 546 966 733 1050; x_wconf 90' lang='lat' dir='ltr'><strong>sapientiae,</strong></span> <span class='ocrx_word' id='word_1_59' title='bbox 761 965 817 1032; x_wconf 92' lang='lat' dir='ltr'><strong>sed</strong></span> <span class='ocrx_word' id='word_1_60' title='bbox 849 968 945 1031; x_wconf 90' lang='lat' dir='ltr'><strong>etiam</strong></span> <span class='ocrx_word' id='word_1_61' title='bbox 971 966 1131 1034; x_wconf 80' lang='lat' dir='ltr'><strong>felicitatis</strong></span> <span class='ocrx_word' id='word_1_62' title='bbox 1158 967 1277 1032; x_wconf 89' lang='lat' dir='ltr'><strong>diceret</strong></span> <span class='ocrx_word' id='word_1_63' title='bbox 1302 966 1366 1032; x_wconf 91' lang='lat' dir='ltr'><strong>sibi</strong></span> 
     </span>
     <span class='ocr_line' id='line_1_13' title="bbox 330 1068 441 1135; baseline -0.018 0"><span class='ocrx_word' id='word_1_64' title='bbox 330 1068 441 1135; x_wconf 88' lang='lat' dir='ltr'><strong>videri.</strong></span> 
     </span>
    </p>

    <p class='ocr_par' dir='ltr' id='par_1_6' title="bbox 417 1171 1364 1259">
     <span class='ocr_line' id='line_1_14' title="bbox 417 1171 1364 1259; baseline -0.001 -21"><span class='ocrx_word' id='word_1_65' title='bbox 417 1171 520 1250; x_wconf 76' lang='lat' dir='ltr'><strong>Quam</strong></span> <span class='ocrx_word' id='word_1_66' title='bbox 543 1174 583 1239; x_wconf 93' lang='lat' dir='ltr'><strong>ob</strong></span> <span class='ocrx_word' id='word_1_67' title='bbox 606 1194 673 1238; x_wconf 91' lang='lat' dir='ltr'><strong>rem</strong></span> <span class='ocrx_word' id='word_1_68' title='bbox 694 1173 729 1237; x_wconf 91' lang='lat' dir='ltr'><strong>id</strong></span> <span class='ocrx_word' id='word_1_69' title='bbox 750 1174 885 1259; x_wconf 89' lang='lat' dir='ltr'><strong>primum</strong></span> <span class='ocrx_word' id='word_1_70' title='bbox 907 1174 1082 1256; x_wconf 87' lang='lat' dir='ltr'><strong>videamus,</strong></span> <span class='ocrx_word' id='word_1_71' title='bbox 1106 1174 1133 1239; x_wconf 93' lang='lat' dir='ltr'><strong>si</strong></span> <span class='ocrx_word' id='word_1_72' title='bbox 1155 1174 1269 1258; x_wconf 89' lang='lat' dir='ltr'><strong>placet,</strong></span> <span class='ocrx_word' id='word_1_73' title='bbox 1291 1194 1364 1256; x_wconf 93' lang='lat' dir='ltr'><strong>qua-</strong></span> 
     </span>
    </p>
   </div>
   <div class='ocr_carea' id='block_1_6' title="bbox 330 1276 1489 1567">
    <p class='ocr_par' dir='ltr' id='par_1_7' title="bbox 330 1272 1489 1567">
     <span class='ocr_line' id='line_1_15' title="bbox 330 1276 1365 1361; baseline 0.002 -21"><span class='ocrx_word' id='word_1_74' title='bbox 330 1282 423 1341; x_wconf 87' lang='lat' dir='ltr'><strong>tenus</strong></span> <span class='ocrx_word' id='word_1_75' title='bbox 443 1296 533 1341; x_wconf 92' lang='lat' dir='ltr'><strong>amor</strong></span> <span class='ocrx_word' id='word_1_76' title='bbox 554 1276 588 1340; x_wconf 91' lang='lat' dir='ltr'><strong>in</strong></span> <span class='ocrx_word' id='word_1_77' title='bbox 611 1276 751 1341; x_wconf 87' lang='lat' dir='ltr'><strong>amicitia</strong></span> <span class='ocrx_word' id='word_1_78' title='bbox 772 1276 920 1361; x_wconf 87' lang='lat' dir='ltr'><strong>progredi</strong></span> <span class='ocrx_word' id='word_1_79' title='bbox 942 1277 1066 1343; x_wconf 89' lang='lat' dir='ltr'><strong>debeat.</strong></span> <span class='ocrx_word' id='word_1_80' title='bbox 1099 1278 1235 1358; x_wconf 89' lang='lat' dir='ltr'><strong>Numne,</strong></span> <span class='ocrx_word' id='word_1_81' title='bbox 1258 1277 1285 1342; x_wconf 93' lang='lat' dir='ltr'><strong>si</strong></span> <span class='ocrx_word' id='word_1_82' title='bbox 1309 1277 1365 1343; x_wconf 76' lang='lat' dir='ltr'><strong>(lo</strong></span> 
     </span>
     <span class='ocr_line' id='line_1_16' title="bbox 330 1365 1489 1465; baseline 0 -21"><span class='ocrx_word' id='word_1_83' title='bbox 330 1365 469 1446; x_wconf 76' lang='lat' dir='ltr'><strong>uiolanda</strong></span> <span class='ocrx_word' id='word_1_84' title='bbox 498 1380 610 1445; x_wconf 88' lang='lat' dir='ltr'><strong>habuit</strong></span> <span class='ocrx_word' id='word_1_85' title='bbox 638 1379 765 1460; x_wconf 89' lang='lat' dir='ltr'><strong>amicos,</strong></span> <span class='ocrx_word' id='word_1_86' title='bbox 793 1380 876 1446; x_wconf 90' lang='lat' dir='ltr'><strong>ferre</strong></span> <span class='ocrx_word' id='word_1_87' title='bbox 906 1386 1015 1445; x_wconf 88' lang='lat' dir='ltr'><strong>contra</strong></span> <span class='ocrx_word' id='word_1_88' title='bbox 1043 1381 1178 1465; x_wconf 89' lang='lat' dir='ltr'><strong>patriam</strong></span> <span class='ocrx_word' id='word_1_89' title='bbox 1204 1400 1294 1445; x_wconf 89' lang='lat' dir='ltr'><strong>arma</strong></span> <span class='ocrx_word' id='word_1_90' title='bbox 1318 1380 1364 1444; x_wconf 93' lang='lat' dir='ltr'><strong>illi</strong></span> <span class='ocrx_word' id='word_1_91' title='bbox 1488 1378 1489 1457; x_wconf 67' lang='lat' dir='ltr'>J</span> 
     </span>
     <span class='ocr_line' id='line_1_17' title="bbox 332 1482 1489 1567; baseline 0.002 -21"><span class='ocrx_word' id='word_1_92' title='bbox 332 1502 403 1547; x_wconf 84' lang='lat' dir='ltr'><strong>cum</strong></span> <span class='ocrx_word' id='word_1_93' title='bbox 433 1482 597 1548; x_wconf 76' lang='lat' dir='ltr'><strong>Coriolano</strong></span> <span class='ocrx_word' id='word_1_94' title='bbox 627 1482 847 1567; x_wconf 65' lang='lat' dir='ltr'><strong>debuerunt?</strong></span> <span class='ocrx_word' id='word_1_95' title='bbox 865 1504 941 1548; x_wconf 92' lang='lat' dir='ltr'><strong>num</strong></span> <span class='ocrx_word' id='word_1_96' title='bbox 970 1484 1166 1549; x_wconf 90' lang='lat' dir='ltr'><strong>Vecellinum</strong></span> <span class='ocrx_word' id='word_1_97' title='bbox 1196 1483 1290 1548; x_wconf 89' lang='lat' dir='ltr'><strong>amici</strong></span> <span class='ocrx_word' id='word_1_98' title='bbox 1319 1503 1364 1548; x_wconf 89' lang='lat' dir='ltr'><strong>re·</strong></span> <span class='ocrx_word' id='word_1_99' title='bbox 1488 1484 1489 1503; x_wconf 64' lang='lat'><em>³</em></span> 
     </span>
    </p>
   </div>
   <div class='ocr_carea' id='block_1_7' title="bbox 330 1584 1364 3845">
    <p class='ocr_par' dir='ltr' id='par_1_8' title="bbox 330 1584 1364 3639">
     <span class='ocr_line' id='line_1_18' title="bbox 331 1584 1363 1670; baseline 0.001 -20"><span class='ocrx_word' id='word_1_100' title='bbox 331 1606 429 1670; x_wconf 90' lang='lat' dir='ltr'><strong>gnum</strong></span> <span class='ocrx_word' id='word_1_101' title='bbox 451 1584 663 1670; x_wconf 87' lang='lat' dir='ltr'><strong>adpetentem,</strong></span> <span class='ocrx_word' id='word_1_102' title='bbox 687 1606 764 1652; x_wconf 88' lang='lat' dir='ltr'><strong>num</strong></span> <span class='ocrx_word' id='word_1_103' title='bbox 786 1587 933 1652; x_wconf 90' lang='lat' dir='ltr'><strong>Maelium</strong></span> <span class='ocrx_word' id='word_1_104' title='bbox 955 1586 1132 1652; x_wconf 91' lang='lat' dir='ltr'><strong>debuerunt</strong></span> <span class='ocrx_word' id='word_1_105' title='bbox 1154 1586 1288 1652; x_wconf 82' lang='lat' dir='ltr'><strong>iuvare?</strong></span> <span class='ocrx_word' id='word_1_106' title='bbox 1314 1586 1363 1651; x_wconf 79' lang='grc' dir='ltr'><strong>Τί-</strong></span> 
     </span>
     <span class='ocr_line' id='line_1_19' title="bbox 331 1689 1364 1775; baseline -0.002 -19"><span class='ocrx_word' id='word_1_107' title='bbox 331 1691 453 1756; x_wconf 89' lang='lat' dir='ltr'><strong>berium</strong></span> <span class='ocrx_word' id='word_1_108' title='bbox 483 1689 610 1772; x_wconf 89' lang='lat' dir='ltr'><strong>quidem</strong></span> <span class='ocrx_word' id='word_1_109' title='bbox 641 1690 817 1756; x_wconf 86' lang='lat' dir='ltr'><strong>Gracchum</strong></span> <span class='ocrx_word' id='word_1_110' title='bbox 850 1711 917 1755; x_wconf 90' lang='lat' dir='ltr'><strong>rem</strong></span> <span class='ocrx_word' id='word_1_111' title='bbox 950 1691 1108 1775; x_wconf 76' lang='lat' dir='ltr'><strong>publicam</strong></span> <span class='ocrx_word' id='word_1_112' title='bbox 1141 1696 1312 1755; x_wconf 88' lang='lat' dir='ltr'><strong>vexantem</strong></span> <span class='ocrx_word' id='word_1_113' title='bbox 1344 1710 1364 1754; x_wconf 92' lang='lat' dir='ltr'><strong>a</strong></span> 
     </span>
     <span class='ocr_line' id='line_1_20' title="bbox 332 1792 1361 1875; baseline -0.002 -16"><span class='ocrx_word' id='word_1_114' title='bbox 332 1793 369 1871; x_wconf 80' lang='lat' dir='ltr'><strong>Q.</strong></span> <span class='ocrx_word' id='word_1_115' title='bbox 385 1796 553 1860; x_wconf 82' lang='lat' dir='ltr'><strong>Tuberone</strong></span> <span class='ocrx_word' id='word_1_116' title='bbox 567 1793 813 1875; x_wconf 86' lang='lat' dir='ltr'><strong>aequalibusque</strong></span> <span class='ocrx_word' id='word_1_117' title='bbox 828 1793 938 1861; x_wconf 92' lang='lat' dir='ltr'><strong>amicis</strong></span> <span class='ocrx_word' id='word_1_118' title='bbox 961 1793 1144 1860; x_wconf 89' lang='lat' dir='ltr'><strong>derelictum</strong></span> <span class='ocrx_word' id='word_1_119' title='bbox 1166 1792 1361 1859; x_wconf 87' lang='lat' dir='ltr'><strong>videbamus.</strong></span> 
     </span>
     <span class='ocr_line' id='line_1_21' title="bbox 330 1896 1362 1981; baseline -0.002 -18"><span class='ocrx_word' id='word_1_120' title='bbox 330 1899 374 1963; x_wconf 91' lang='lat' dir='ltr'><strong>At</strong></span> <span class='ocrx_word' id='word_1_121' title='bbox 396 1899 430 1965; x_wconf 84' lang='lat' dir='ltr'><strong>O.</strong></span> <span class='ocrx_word' id='word_1_122' title='bbox 447 1897 587 1963; x_wconf 90' lang='lat' dir='ltr'><strong>Blossius</strong></span> <span class='ocrx_word' id='word_1_123' title='bbox 615 1897 785 1978; x_wconf 79' lang='lat' dir='ltr'><strong>Cumanus,</strong></span> <span class='ocrx_word' id='word_1_124' title='bbox 807 1897 923 1981; x_wconf 90' lang='lat' dir='ltr'><strong>hospes</strong></span> <span class='ocrx_word' id='word_1_125' title='bbox 949 1896 1088 1962; x_wconf 90' lang='lat' dir='ltr'><strong>familiae</strong></span> <span class='ocrx_word' id='word_1_126' title='bbox 1115 1903 1249 1977; x_wconf 86' lang='lat' dir='ltr'><strong>vestrae,</strong></span> <span class='ocrx_word' id='word_1_127' title='bbox 1273 1898 1362 1963; x_wconf 85' lang='lat' dir='ltr'><strong>Scae·</strong></span> 
     </span>
     <span class='ocr_line' id='line_1_22' title="bbox 332 1999 1362 2085; baseline -0.002 -19"><span class='ocrx_word' id='word_1_128' title='bbox 332 2002 413 2083; x_wconf 87' lang='lat' dir='ltr'><strong>vola,</strong></span> <span class='ocrx_word' id='word_1_129' title='bbox 436 2021 508 2066; x_wconf 90' lang='lat' dir='ltr'><strong>cum</strong></span> <span class='ocrx_word' id='word_1_130' title='bbox 529 1999 573 2064; x_wconf 89' lang='lat' dir='ltr'><strong>ad</strong></span> <span class='ocrx_word' id='word_1_131' title='bbox 594 2020 655 2084; x_wconf 87' lang='lat' dir='ltr'><strong>me,</strong></span> <span class='ocrx_word' id='word_1_132' title='bbox 678 2000 762 2082; x_wconf 93' lang='lat' dir='ltr'><strong>quod</strong></span> <span class='ocrx_word' id='word_1_133' title='bbox 784 1999 914 2065; x_wconf 89' lang='lat' dir='ltr'><strong>aderam</strong></span> <span class='ocrx_word' id='word_1_134' title='bbox 937 2001 1070 2065; x_wconf 88' lang='lat' dir='ltr'><strong>Laenati</strong></span> <span class='ocrx_word' id='word_1_135' title='bbox 1092 2006 1124 2064; x_wconf 92' lang='lat' dir='ltr'><strong>et</strong></span> <span class='ocrx_word' id='word_1_136' title='bbox 1145 2000 1271 2085; x_wconf 88' lang='lat' dir='ltr'><strong>Rupilio</strong></span> <span class='ocrx_word' id='word_1_137' title='bbox 1294 2020 1362 2065; x_wconf 92' lang='lat' dir='ltr'><strong>con-</strong></span> 
     </span>
     <span class='ocr_line' id='line_1_23' title="bbox 331 2103 1362 2187; baseline -0.004 -16"><span class='ocrx_word' id='word_1_138' title='bbox 331 2105 451 2172; x_wconf 89' lang='lat' dir='ltr'><strong>sulibus</strong></span> <span class='ocrx_word' id='word_1_139' title='bbox 480 2105 514 2169; x_wconf 89' lang='lat' dir='ltr'><strong>in</strong></span> <span class='ocrx_word' id='word_1_140' title='bbox 544 2103 683 2184; x_wconf 90' lang='lat' dir='ltr'><strong>consilio,</strong></span> <span class='ocrx_word' id='word_1_141' title='bbox 711 2103 914 2187; x_wconf 90' lang='lat' dir='ltr'><strong>deprecatum</strong></span> <span class='ocrx_word' id='word_1_142' title='bbox 944 2104 1093 2185; x_wconf 88' lang='lat' dir='ltr'><strong>venisset,</strong></span> <span class='ocrx_word' id='word_1_143' title='bbox 1124 2103 1216 2184; x_wconf 90' lang='lat' dir='ltr'><strong>hanc,</strong></span> <span class='ocrx_word' id='word_1_144' title='bbox 1239 2110 1274 2168; x_wconf 88' lang='lat' dir='ltr'><strong>ut</strong></span> <span class='ocrx_word' id='word_1_145' title='bbox 1303 2103 1362 2169; x_wconf 91' lang='lat' dir='ltr'><strong>sihi</strong></span> 
     </span>
     <span class='ocr_line' id='line_1_24' title="bbox 331 2205 1362 2293; baseline -0.003 -20"><span class='ocrx_word' id='word_1_146' title='bbox 331 2208 538 2293; x_wconf 83' lang='lat' dir='ltr'><strong>ignoscerem,</strong></span> <span class='ocrx_word' id='word_1_147' title='bbox 562 2227 690 2272; x_wconf 90' lang='lat' dir='ltr'><strong>causam</strong></span> <span class='ocrx_word' id='word_1_148' title='bbox 716 2205 890 2288; x_wconf 89' lang='lat' dir='ltr'><strong>adferebat,</strong></span> <span class='ocrx_word' id='word_1_149' title='bbox 914 2207 998 2290; x_wconf 93' lang='lat' dir='ltr'><strong>quod</strong></span> <span class='ocrx_word' id='word_1_150' title='bbox 1020 2207 1100 2271; x_wconf 89' lang='lat' dir='ltr'><strong>tanti</strong></span> <span class='ocrx_word' id='word_1_151' title='bbox 1121 2206 1170 2272; x_wconf 81' lang='lat' dir='ltr'><strong>Ti.</strong></span> <span class='ocrx_word' id='word_1_152' title='bbox 1187 2206 1362 2271; x_wconf 79' lang='lat' dir='ltr'><strong>Gracchum</strong></span> 
     </span>
     <span class='ocr_line' id='line_1_25' title="bbox 331 2309 1360 2393; baseline -0.004 -16"><span class='ocrx_word' id='word_1_153' title='bbox 331 2312 469 2392; x_wconf 88' lang='lat' dir='ltr'><strong>fecisset,</strong></span> <span class='ocrx_word' id='word_1_154' title='bbox 492 2317 536 2392; x_wconf 93' lang='lat' dir='ltr'><strong>ut,</strong></span> <span class='ocrx_word' id='word_1_155' title='bbox 561 2310 714 2393; x_wconf 92' lang='lat' dir='ltr'><strong>quidquid</strong></span> <span class='ocrx_word' id='word_1_156' title='bbox 740 2311 792 2376; x_wconf 89' lang='lat' dir='ltr'><strong>ille</strong></span> <span class='ocrx_word' id='word_1_157' title='bbox 815 2312 919 2392; x_wconf 90' lang='lat' dir='ltr'><strong>vellet,</strong></span> <span class='ocrx_word' id='word_1_158' title='bbox 943 2310 1004 2376; x_wconf 87' lang='lat' dir='ltr'><strong>sibi</strong></span> <span class='ocrx_word' id='word_1_159' title='bbox 1026 2309 1207 2375; x_wconf 90' lang='lat' dir='ltr'><strong>faciendum</strong></span> <span class='ocrx_word' id='word_1_160' title='bbox 1229 2316 1360 2393; x_wconf 88' lang='lat' dir='ltr'><strong>putaret.</strong></span> 
     </span>
     <span class='ocr_line' id='line_1_26' title="bbox 331 2408 1362 2499; baseline -0.002 -19"><span class='ocrx_word' id='word_1_161' title='bbox 331 2419 413 2480; x_wconf 90' lang='lat' dir='ltr'><strong>Tum</strong></span> <span class='ocrx_word' id='word_1_162' title='bbox 447 2435 527 2499; x_wconf 86' lang='lat' dir='ltr'><strong>ego:</strong></span> <span class='ocrx_word' id='word_1_163' title='bbox 564 2408 760 2496; x_wconf 59' lang='lat' dir='ltr'><strong>Etiamne,</strong></span> <span class='ocrx_word' id='word_1_164' title='bbox 795 2415 827 2480; x_wconf 94' lang='lat' dir='ltr'><strong>si</strong></span> <span class='ocrx_word' id='word_1_165' title='bbox 860 2421 895 2480; x_wconf 91' lang='lat' dir='ltr'><strong>te</strong></span> <span class='ocrx_word' id='word_1_166' title='bbox 928 2414 966 2478; x_wconf 94' lang='lat' dir='ltr'><strong>in</strong></span> <span class='ocrx_word' id='word_1_167' title='bbox 1000 2414 1228 2498; x_wconf 82' lang='lat' dir='ltr'><strong>Capitolium</strong></span> <span class='ocrx_word' id='word_1_168' title='bbox 1261 2413 1362 2479; x_wconf 90' lang='lat' dir='ltr'><strong>faces</strong></span> 
     </span>
     <span class='ocr_line' id='line_1_27' title="bbox 333 2510 1362 2601; baseline -0.005 -16"><span class='ocrx_word' id='word_1_169' title='bbox 333 2520 432 2585; x_wconf 88' lang='lat' dir='ltr'><strong>forre</strong></span> <span class='ocrx_word' id='word_1_170' title='bbox 469 2514 624 2584; x_wconf 73' lang='lat' dir='ltr'><strong>velletP&#39;</strong></span> <span class='ocrx_word' id='word_1_171' title='bbox 675 2511 913 2601; x_wconf 76' lang='lat' dir='ltr'><strong>‘Numquam&#39;,</strong></span> <span class='ocrx_word' id='word_1_172' title='bbox 946 2517 1062 2600; x_wconf 89' lang='lat' dir='ltr'><strong>inquit,</strong></span> <span class='ocrx_word' id='word_1_173' title='bbox 1097 2510 1294 2584; x_wconf 86' lang='lat' dir='ltr'><strong>‘voluisset</strong></span> <span class='ocrx_word' id='word_1_174' title='bbox 1327 2516 1362 2581; x_wconf 94' lang='lat' dir='ltr'><strong>id</strong></span> 
     </span>
     <span class='ocr_line' id='line_1_28' title="bbox 334 2617 1362 2707; baseline -0.004 -20"><span class='ocrx_word' id='word_1_175' title='bbox 334 2622 498 2706; x_wconf 73' lang='lat' dir='ltr'><strong>quidem,</strong></span> <span class='ocrx_word' id='word_1_176' title='bbox 518 2622 584 2687; x_wconf 89' lang='lat' dir='ltr'><strong>sed</strong></span> <span class='ocrx_word' id='word_1_177' title='bbox 606 2623 637 2687; x_wconf 91' lang='lat' dir='ltr'><strong>si</strong></span> <span class='ocrx_word' id='word_1_178' title='bbox 656 2623 853 2703; x_wconf 89' lang='lat' dir='ltr'><strong>voluisset,</strong></span> <span class='ocrx_word' id='word_1_179' title='bbox 869 2617 1098 2707; x_wconf 88' lang='lat' dir='ltr'><strong>paruissem&#39;</strong></span> <span class='ocrx_word' id='word_1_180' title='bbox 1120 2619 1252 2701; x_wconf 90' lang='lat' dir='ltr'><strong>Videtis,</strong></span> <span class='ocrx_word' id='word_1_181' title='bbox 1270 2640 1362 2703; x_wconf 90' lang='lat' dir='ltr'><strong>quam</strong></span> 
     </span>
     <span class='ocr_line' id='line_1_29' title="bbox 332 2724 1362 2809; baseline -0.006 -17"><span class='ocrx_word' id='word_1_182' title='bbox 332 2726 455 2792; x_wconf 88' lang='lat' dir='ltr'><strong>nefaria</strong></span> <span class='ocrx_word' id='word_1_183' title='bbox 477 2726 557 2791; x_wconf 84' lang='lat' dir='ltr'><strong>vox!</strong></span> <span class='ocrx_word' id='word_1_184' title='bbox 599 2727 640 2790; x_wconf 81' lang='lat' dir='ltr'><strong>llt</strong></span> <span class='ocrx_word' id='word_1_185' title='bbox 661 2726 788 2790; x_wconf 89' lang='lat' dir='ltr'><strong>hercule</strong></span> <span class='ocrx_word' id='word_1_186' title='bbox 810 2726 855 2790; x_wconf 89' lang='lat' dir='ltr'><strong>ita</strong></span> <span class='ocrx_word' id='word_1_187' title='bbox 877 2724 953 2790; x_wconf 89' lang='lat' dir='ltr'><strong>fecit</strong></span> <span class='ocrx_word' id='word_1_188' title='bbox 975 2725 1026 2790; x_wconf 88' lang='lat' dir='ltr'><strong>vel</strong></span> <span class='ocrx_word' id='word_1_189' title='bbox 1047 2726 1118 2809; x_wconf 92' lang='lat' dir='ltr'><strong>plus</strong></span> <span class='ocrx_word' id='word_1_190' title='bbox 1141 2725 1245 2804; x_wconf 89' lang='lat' dir='ltr'><strong>etiam,</strong></span> <span class='ocrx_word' id='word_1_191' title='bbox 1269 2744 1362 2806; x_wconf 91' lang='lat' dir='ltr'><strong>quam</strong></span> 
     </span>
     <span class='ocr_line' id='line_1_30' title="bbox 332 2816 1362 2916; baseline -0.005 -21"><span class='ocrx_word' id='word_1_192' title='bbox 332 2830 433 2916; x_wconf 83' lang='lat' dir='ltr'><strong>dixit;</strong></span> <span class='ocrx_word' id='word_1_193' title='bbox 462 2852 526 2897; x_wconf 91' lang='lat' dir='ltr'><strong>non</strong></span> <span class='ocrx_word' id='word_1_194' title='bbox 557 2816 641 2894; x_wconf 87' lang='lat' dir='ltr'><strong>enim</strong></span> <span class='ocrx_word' id='word_1_195' title='bbox 670 2829 775 2914; x_wconf 90' lang='lat' dir='ltr'><strong>paruit</strong></span> <span class='ocrx_word' id='word_1_196' title='bbox 800 2829 853 2894; x_wconf 91' lang='lat' dir='ltr'><strong>ille</strong></span> <span class='ocrx_word' id='word_1_197' title='bbox 880 2829 927 2892; x_wconf 84' lang='lat' dir='ltr'><strong>Ti.</strong></span> <span class='ocrx_word' id='word_1_198' title='bbox 944 2827 1079 2894; x_wconf 76' lang='lat' dir='ltr'><strong>Gracchi</strong></span> <span class='ocrx_word' id='word_1_199' title='bbox 1105 2827 1284 2908; x_wconf 88' lang='lat' dir='ltr'><strong>temeritati,</strong></span> <span class='ocrx_word' id='word_1_200' title='bbox 1308 2826 1362 2892; x_wconf 90' lang='lat' dir='ltr'><strong>sed</strong></span> 
     </span>
     <span class='ocr_line' id='line_1_31' title="bbox 333 2929 1362 3021; baseline -0.005 -22"><span class='ocrx_word' id='word_1_201' title='bbox 333 2934 479 3021; x_wconf 89' lang='lat' dir='ltr'><strong>praefuit,</strong></span> <span class='ocrx_word' id='word_1_202' title='bbox 502 2954 562 2999; x_wconf 85' lang='lat' dir='ltr'><strong>nec</strong></span> <span class='ocrx_word' id='word_1_203' title='bbox 588 2953 623 2999; x_wconf 88' lang='lat' dir='ltr'><strong>se</strong></span> <span class='ocrx_word' id='word_1_204' title='bbox 646 2933 791 2998; x_wconf 91' lang='lat' dir='ltr'><strong>comitem</strong></span> <span class='ocrx_word' id='word_1_205' title='bbox 813 2933 896 2998; x_wconf 89' lang='lat' dir='ltr'><strong>illius</strong></span> <span class='ocrx_word' id='word_1_206' title='bbox 919 2932 1041 3011; x_wconf 87' lang='lat' dir='ltr'><strong>furoris,</strong></span> <span class='ocrx_word' id='word_1_207' title='bbox 1065 2931 1122 2996; x_wconf 93' lang='lat' dir='ltr'><strong>sed</strong></span> <span class='ocrx_word' id='word_1_208' title='bbox 1145 2929 1257 2995; x_wconf 89' lang='lat' dir='ltr'><strong>ducem</strong></span> <span class='ocrx_word' id='word_1_209' title='bbox 1278 2951 1362 3014; x_wconf 88' lang='lat' dir='ltr'><strong>prae-</strong></span> 
     </span>
     <span class='ocr_line' id='line_1_32' title="bbox 334 3033 1364 3120; baseline -0.007 -16"><span class='ocrx_word' id='word_1_210' title='bbox 334 3038 410 3104; x_wconf 89' lang='lat' dir='ltr'><strong>buit.</strong></span> <span class='ocrx_word' id='word_1_211' title='bbox 438 3041 549 3120; x_wconf 89' lang='lat' dir='ltr'><strong>Itaque</strong></span> <span class='ocrx_word' id='word_1_212' title='bbox 571 3038 631 3102; x_wconf 87' lang='lat' dir='ltr'><strong>hae</strong></span> <span class='ocrx_word' id='word_1_213' title='bbox 653 3037 793 3103; x_wconf 92' lang='lat' dir='ltr'><strong>amentia</strong></span> <span class='ocrx_word' id='word_1_214' title='bbox 815 3035 999 3119; x_wconf 88' lang='lat' dir='ltr'><strong>quaestione</strong></span> <span class='ocrx_word' id='word_1_215' title='bbox 1020 3055 1105 3100; x_wconf 89' lang='lat' dir='ltr'><strong>nova</strong></span> <span class='ocrx_word' id='word_1_216' title='bbox 1126 3033 1310 3119; x_wconf 84' lang='lat' dir='ltr'><strong>perterritus</strong></span> <span class='ocrx_word' id='word_1_217' title='bbox 1331 3034 1364 3097; x_wconf 91' lang='lat' dir='ltr'><strong>in</strong></span> 
     </span>
     <span class='ocr_line' id='line_1_33' title="bbox 334 3137 1363 3226; baseline -0.004 -19"><span class='ocrx_word' id='word_1_218' title='bbox 334 3142 444 3207; x_wconf 84' lang='lat' dir='ltr'><strong>Asiam</strong></span> <span class='ocrx_word' id='word_1_219' title='bbox 466 3141 615 3226; x_wconf 89' lang='lat' dir='ltr'><strong>profugit,</strong></span> <span class='ocrx_word' id='word_1_220' title='bbox 637 3140 680 3206; x_wconf 93' lang='lat' dir='ltr'><strong>ad</strong></span> <span class='ocrx_word' id='word_1_221' title='bbox 702 3140 808 3207; x_wconf 87' lang='lat' dir='ltr'><strong>hostes</strong></span> <span class='ocrx_word' id='word_1_222' title='bbox 834 3159 869 3205; x_wconf 89' lang='lat' dir='ltr'><strong>se</strong></span> <span class='ocrx_word' id='word_1_223' title='bbox 891 3139 1031 3220; x_wconf 92' lang='lat' dir='ltr'><strong>contulit,</strong></span> <span class='ocrx_word' id='word_1_224' title='bbox 1053 3158 1172 3223; x_wconf 87' lang='lat' dir='ltr'><strong>poenas</strong></span> <span class='ocrx_word' id='word_1_225' title='bbox 1198 3137 1244 3202; x_wconf 90' lang='lat' dir='ltr'><strong>rei</strong></span> <span class='ocrx_word' id='word_1_226' title='bbox 1266 3138 1363 3221; x_wconf 92' lang='lat' dir='ltr'><strong>publi·</strong></span> 
     </span>
     <span class='ocr_line' id='line_1_34' title="bbox 335 3240 1363 3330; baseline -0.007 -18"><span class='ocrx_word' id='word_1_227' title='bbox 335 3265 392 3312; x_wconf 89' lang='lat' dir='ltr'><strong>cae</strong></span> <span class='ocrx_word' id='word_1_228' title='bbox 413 3266 527 3330; x_wconf 85' lang='lat' dir='ltr'><strong>graves</strong></span> <span class='ocrx_word' id='word_1_229' title='bbox 548 3246 710 3328; x_wconf 91' lang='lat' dir='ltr'><strong>iustasque</strong></span> <span class='ocrx_word' id='word_1_230' title='bbox 728 3244 887 3329; x_wconf 87' lang='lat' dir='ltr'><strong>persolvit.</strong></span> <span class='ocrx_word' id='word_1_231' title='bbox 921 3243 1016 3308; x_wconf 89' lang='lat' dir='ltr'><strong>Nulla</strong></span> <span class='ocrx_word' id='word_1_232' title='bbox 1031 3248 1079 3308; x_wconf 93' lang='lat' dir='ltr'><strong>est</strong></span> <span class='ocrx_word' id='word_1_233' title='bbox 1093 3242 1188 3326; x_wconf 92' lang='lat' dir='ltr'><strong>igitur</strong></span> <span class='ocrx_word' id='word_1_234' title='bbox 1203 3240 1363 3306; x_wconf 83' lang='lat' dir='ltr'><strong>excusatio</strong></span> 
     </span>
     <span class='ocr_line' id='line_1_35' title="bbox 335 3343 1363 3436; baseline -0.008 -20"><span class='ocrx_word' id='word_1_235' title='bbox 335 3350 466 3436; x_wconf 89' lang='lat' dir='ltr'><strong>peccati,</strong></span> <span class='ocrx_word' id='word_1_236' title='bbox 482 3349 510 3415; x_wconf 88' lang='lat' dir='ltr'><strong>si</strong></span> <span class='ocrx_word' id='word_1_237' title='bbox 532 3349 626 3414; x_wconf 92' lang='lat' dir='ltr'><strong>amici</strong></span> <span class='ocrx_word' id='word_1_238' title='bbox 649 3366 745 3413; x_wconf 89' lang='lat' dir='ltr'><strong>causa</strong></span> <span class='ocrx_word' id='word_1_239' title='bbox 766 3346 965 3431; x_wconf 88' lang='lat' dir='ltr'><strong>peccaveris;</strong></span> <span class='ocrx_word' id='word_1_240' title='bbox 989 3367 1064 3411; x_wconf 90' lang='lat' dir='ltr'><strong>nam</strong></span> <span class='ocrx_word' id='word_1_241' title='bbox 1080 3366 1150 3410; x_wconf 90' lang='lat' dir='ltr'><strong>cum</strong></span> <span class='ocrx_word' id='word_1_242' title='bbox 1170 3343 1363 3409; x_wconf 86' lang='lat' dir='ltr'><strong>conciliatrix</strong></span> 
     </span>
     <span class='ocr_line' id='line_1_36' title="bbox 334 3447 1363 3536; baseline -0.009 -16"><span class='ocrx_word' id='word_1_243' title='bbox 334 3453 492 3520; x_wconf 86' lang='lat' dir='ltr'><strong>amicitiae</strong></span> <span class='ocrx_word' id='word_1_244' title='bbox 511 3452 636 3518; x_wconf 86' lang='lat' dir='ltr'><strong>virtutis</strong></span> <span class='ocrx_word' id='word_1_245' title='bbox 655 3452 760 3536; x_wconf 91' lang='lat' dir='ltr'><strong>opinio</strong></span> <span class='ocrx_word' id='word_1_246' title='bbox 780 3450 883 3531; x_wconf 89' lang='lat' dir='ltr'><strong>fuerit,</strong></span> <span class='ocrx_word' id='word_1_247' title='bbox 899 3449 1028 3515; x_wconf 89' lang='lat' dir='ltr'><strong>difficile</strong></span> <span class='ocrx_word' id='word_1_248' title='bbox 1048 3455 1096 3514; x_wconf 89' lang='lat' dir='ltr'><strong>est</strong></span> <span class='ocrx_word' id='word_1_249' title='bbox 1114 3447 1287 3512; x_wconf 89' lang='lat' dir='ltr'><strong>amicitiam</strong></span> <span class='ocrx_word' id='word_1_250' title='bbox 1304 3467 1363 3512; x_wconf 90' lang='lat' dir='ltr'><strong>ma-</strong></span> 
     </span>
     <span class='ocr_line' id='line_1_37' title="bbox 335 3554 836 3639; baseline -0.01 -16"><span class='ocrx_word' id='word_1_251' title='bbox 335 3578 421 3639; x_wconf 89' lang='lat' dir='ltr'><strong>nere,</strong></span> <span class='ocrx_word' id='word_1_252' title='bbox 444 3557 472 3622; x_wconf 91' lang='lat' dir='ltr'><strong>si</strong></span> <span class='ocrx_word' id='word_1_253' title='bbox 492 3577 515 3621; x_wconf 90' lang='lat' dir='ltr'><strong>a</strong></span> <span class='ocrx_word' id='word_1_254' title='bbox 535 3556 652 3622; x_wconf 83' lang='lat' dir='ltr'><strong>virtute</strong></span> <span class='ocrx_word' id='word_1_255' title='bbox 674 3554 836 3620; x_wconf 83' lang='lat' dir='ltr'><strong>defeceris</strong></span> 
     </span>
    </p>

    <p class='ocr_par' dir='ltr' id='par_1_9' title="bbox 337 3653 1363 3845">
     <span class='ocr_line' id='line_1_38' title="bbox 412 3653 1362 3736; baseline -0.008 -10"><span class='ocrx_word' id='word_1_256' title='bbox 412 3660 515 3736; x_wconf 65' lang='lat' dir='ltr'><strong>‘Quod</strong></span> <span class='ocrx_word' id='word_1_257' title='bbox 541 3659 569 3724; x_wconf 91' lang='lat' dir='ltr'><strong>si</strong></span> <span class='ocrx_word' id='word_1_258' title='bbox 595 3666 714 3724; x_wconf 92' lang='lat' dir='ltr'><strong>rectum</strong></span> <span class='ocrx_word' id='word_1_259' title='bbox 741 3656 942 3722; x_wconf 85' lang='lat' dir='ltr'><strong>statuerimus</strong></span> <span class='ocrx_word' id='word_1_260' title='bbox 969 3656 1020 3721; x_wconf 89' lang='lat' dir='ltr'><strong>vel</strong></span> <span class='ocrx_word' id='word_1_261' title='bbox 1047 3653 1219 3720; x_wconf 89' lang='lat' dir='ltr'><strong>concedere</strong></span> <span class='ocrx_word' id='word_1_262' title='bbox 1246 3654 1362 3733; x_wconf 90' lang='lat' dir='ltr'><strong>amicis,</strong></span> 
     </span>
     <span class='ocr_line' id='line_1_39' title="bbox 337 3756 1363 3845; baseline -0.004 -19"><span class='ocrx_word' id='word_1_263' title='bbox 337 3761 491 3845; x_wconf 90' lang='lat' dir='ltr'><strong>quidquid</strong></span> <span class='ocrx_word' id='word_1_264' title='bbox 512 3762 621 3844; x_wconf 85' lang='lat' dir='ltr'><strong>velint,</strong></span> <span class='ocrx_word' id='word_1_265' title='bbox 644 3762 695 3826; x_wconf 86' lang='lat' dir='ltr'><strong>vel</strong></span> <span class='ocrx_word' id='word_1_266' title='bbox 717 3762 885 3844; x_wconf 89' lang='lat' dir='ltr'><strong>impetrare</strong></span> <span class='ocrx_word' id='word_1_267' title='bbox 907 3761 948 3824; x_wconf 93' lang='lat' dir='ltr'><strong>ab</strong></span> <span class='ocrx_word' id='word_1_268' title='bbox 975 3760 1024 3841; x_wconf 88' lang='lat' dir='ltr'><strong>iis,</strong></span> <span class='ocrx_word' id='word_1_269' title='bbox 1049 3756 1201 3840; x_wconf 92' lang='lat' dir='ltr'><strong>quidquid</strong></span> <span class='ocrx_word' id='word_1_270' title='bbox 1223 3758 1363 3837; x_wconf 90' lang='lat' dir='ltr'><strong>velimus,</strong></span> 
     </span>
    </p>
   </div>
   <div class='ocr_carea' id='block_1_8' title="bbox 0 0 1523 4350">
    <p class='ocr_par' dir='ltr' id='par_1_10' title="bbox 0 0 1523 4350">
     <span class='ocr_line' id='line_1_40' title="bbox 0 0 1523 4350; baseline 0 0"><span class='ocrx_word' id='word_1_271' title='bbox 0 0 1523 4350; x_wconf 95' lang='lat' dir='ltr'><strong> </strong></span> 
     </span>
    </p>
   </div>
  </div>
 </body>
</html>
