3026 4350
269 1454 301 1501 '25

320 216 360 282 10
617 238 777 294 LAELIUS
795 239 844 293 DE
864 238 1049 295 AMICITIA.

319 408 443 474 fabula!
467 429 538 474 cum
560 410 727 494 ignorante
748 432 833 496 rege,
857 418 926 476 uter
949 411 1076 480 Orestes
1099 425 1186 492 esset,
1208 414 1350 500 Pylades

320 510 462 577 Orestem
490 533 524 578 se
551 533 622 578 esse
648 514 775 595 diceret,
802 520 837 579 ut
863 536 919 599 pro
946 515 999 580 illo
1026 523 1198 599 necaretur,
1221 517 1350 584 Orestes

319 622 435 696 autem,
459 616 503 679 ita
524 623 559 680 ut
582 622 658 698 erat,
682 616 824 682 Orestem
848 638 882 682 se
905 637 975 683 esse
996 627 1220 702 perseveraret.
1260 621 1350 686 Stan-

319 722 367 781 tes
386 718 580 800 plaudebant
602 721 635 783 in
657 740 691 784 re
713 719 803 802 ficta,
827 719 903 801 quid
926 721 1114 786 arbitramur
1134 723 1168 786 in
1190 743 1266 787 vera
1288 723 1350 787 fac-

319 826 403 886 turos
433 821 556 887 fuisse?
601 823 706 887 Facile
735 823 898 889 indicabat
927 826 997 908 ipsa
1027 830 1140 889 natura
1161 826 1225 890 vim
1250 846 1350 906 suam,

321 945 390 989 cum
420 924 572 1006 homines,
604 926 687 1008 quod
716 927 820 992 lacere
850 928 911 1011 ipsi
941 948 1005 992 non
1034 934 1173 1013 possent,
1202 927 1236 993 id
1265 934 1351 994 recte

319 1028 387 1092 fieri
409 1029 442 1092 in
465 1030 561 1094 altero
584 1030 767 1095 iudicarent.
1264 1085 1269 1096 .

405 1134 567 1198 Hactenus
589 1134 667 1198 mihi
689 1133 798 1199 videor
820 1134 860 1199 de
882 1135 1022 1199 amicitia
1040 1136 1116 1217 quid
1135 1137 1283 1201 sentirem
1298 1156 1352 1219 po·

319 1237 417 1301 tuisse
443 1236 566 1320 dicere;
597 1237 624 1301 si
647 1258 709 1318 qua
730 1243 894 1321 praeterea
920 1244 992 1304 sunt
1015 1237 1122 1325 (credo
1148 1245 1254 1304 autem
1281 1259 1352 1303 esse

320 1339 441 1424 multa),
456 1342 497 1406 ab
521 1340 569 1417 iis,
589 1341 616 1403 si
637 1339 804 1421 videbitur,
821 1341 874 1422 qui
896 1341 956 1406 ista
979 1341 1149 1426 disputant,
1165 1342 1350 1424 quaeritate.

406 1444 554 1508 anruns.
582 1444 648 1509 Nos
670 1451 775 1508 autem
798 1464 818 1507 a
840 1450 872 1507 te
894 1446 1013 1529 potius3
1042 1465 1231 1526 quamquam
1255 1445 1351 1509 etiam

319 1546 452 1611 abistis
475 1566 570 1629 saepe
594 1545 735 1627 quaesivi
759 1553 790 1610 et
811 1544 917 1610 audivi
944 1568 1007 1613 non
1038 1547 1156 1612 invitus
1186 1548 1350 1630 equidem3

320 1648 377 1713 sed
398 1647 485 1712 aliud
508 1647 665 1729 quoddam
687 1647 772 1712 filum
796 1648 946 1714 orationis
967 1655 1049 1713 tuae.

407 1753 581 1818 Sonnvonn.
612 1752 693 1814 Tum
719 1752 821 1834 magis
848 1751 881 1814 id
907 1751 1038 1832 diceres,
1062 1752 1174 1832 Fanni,
1198 1754 1225 1818 si
1251 1773 1352 1836 nuper

302 1858 354 1920 .in
380 1855 478 1919 hortis
500 1855 665 1937 Scipionis,
689 1874 759 1919 cum
790 1862 838 1919 est
867 1854 906 1919 de
932 1875 966 1919 re
993 1855 1120 1937 publica
1147 1855 1351 1938 disputatum,

286 2656 304 2708 8

271 2729 304 2775 26

321 1959 486 2023 adfuisses.
516 1956 623 2033 Qualis
639 1962 704 2020 tum
719 1963 870 2039 patronus
892 1956 1029 2021 iustitiae
1051 1957 1111 2021 fuit
1134 1963 1241 2023 contra
1263 1977 1352 2022 accu-

321 2067 422 2124 ratam
444 2061 617 2125 orationem
638 2058 737 2122 Phili!

407 2163 556 2227 ansrns.
586 2161 694 2226 Facile
719 2160 753 2224 id
775 2160 902 2243 quidem
924 2163 984 2226 fuit
1006 2163 1158 2227 iustitiam
1180 2163 1352 2228 iustissimo

321 2266 389 2331 viro
413 2264 592 2328 defendere.

408 2369 582 2433 Sonavona
609 2364 717 2442 Ouid?
739 2367 910 2430 amicitiam
933 2388 1036 2432 nonne
1059 2367 1152 2432 facile
1175 2367 1214 2448 ei,
1235 2368 1288 2449 qui
1312 2367 1352 2432 ob

323 2493 392 2536 eam
420 2489 542 2533 summa
568 2467 641 2550 fide,
665 2469 841 2533 constantia
866 2469 1047 2552 iustitiaque
1074 2476 1232 2536 servatam
1255 2470 1353 2534 maxi-

322 2594 407 2637 mam
430 2572 563 2655 gloriam
586 2571 728 2654 ceperit?
1268 2593 1270 2595 ’

409 2674 557 2738 Lnnmns.
588 2673 660 2737 Vim
682 2672 742 2737 hoc
764 2673 890 2755 quidem
913 2680 961 2739 est
982 2674 1116 2741 adferre.
1162 2675 1246 2752 Quid
1269 2676 1354 2740 enim

322 2779 427 2857 refert,
452 2796 514 2857 qua
535 2795 586 2838 me
609 2775 730 2838 ratione
758 2777 901 2858 cogatis?
948 2777 1067 2860 Oogitis
1094 2784 1187 2843 certe.
1233 2777 1355 2844 Studiis

323 2881 408 2946 enim
437 2898 634 2962 generorum,
662 2879 845 2960 praesertim
873 2879 906 2942 in
935 2900 969 2943 re
998 2881 1092 2962 bona,
1124 2902 1195 2946 cum
1225 2879 1355 2945 difficile

324 2989 372 3048 est
394 2988 461 3046 tum
484 3001 525 3044 ne
545 2999 681 3061 aequum
705 2978 830 3059 quidem
853 2982 1012 3046 obsistere.
1113 3010 1115 3013 ·

411 3083 603 3167 Saepissime
624 3081 720 3163 igitur
742 3081 818 3144 mihi
841 3081 880 3146 de
896 3084 1034 3149 amicitia
1049 3088 1200 3170 cogitanti
1215 3087 1356 3151 maxime

323 3188 401 3254 illud
429 3183 690 3250 considerandum
716 3181 816 3246 videri
841 3184 928 3264 solet,
952 3193 1055 3250 utrum
1077 3196 1205 3273 propter
1227 3189 1357 3254 inbecil-

323 3295 445 3358 litatem
467 3294 562 3368 atque
584 3286 723 3369 inopiam
746 3283 924 3350 desiderata·
950 3289 989 3352 sit
1012 3292 1159 3372 amicitia,
1183 3300 1218 3356 nt
1241 3291 1358 3356 dandis

324 3389 600 3476 reciperandisque
620 3386 749 3465 meritis,
767 3387 850 3467 quod
873 3390 1003 3470 quisque
1025 3393 1128 3458 minus
1151 3415 1208 3477 per
1231 3414 1266 3460 se
1289 3396 1359 3478 ipse

324 3500 445 3580 posset,
475 3490 509 3555 id
542 3491 699 3573 acciperet
732 3487 773 3550 ab
804 3490 864 3553 alio
895 3491 1094 3576 vicissimque
1124 3496 1286 3578 redderet,
1316 3517 1359 3561 an

325 3602 409 3661 esset
436 3593 496 3657 hoo
523 3590 650 3673 quidem
677 3589 835 3672 proprium
862 3592 1027 3674 amicitiae,
1055 3597 1111 3661 sed
1138 3598 1298 3680 antiquior
1328 3606 1360 3663 et

325 3696 483 3783 pulchrior
513 3700 544 3758 et
572 3693 674 3775 magis
704 3711 724 3753 a
752 3698 865 3756 natura
893 3692 964 3776 ipsa
993 3697 1134 3779 profecta
1160 3700 1225 3764 alia
1253 3720 1358 3766 causa.

324 3803 422 3869 Amor
446 3796 540 3878 enim,
564 3815 605 3859 ex
628 3815 689 3880 quo
711 3793 850 3860 amicitia
872 3797 1032 3866 nominata
1056 3807 1112 3885 est,
1135 3803 1285 3892 princeps
1312 3809 1361 3873 est
