3026 4350
274 163 317 228 28
574 179 733 250 LAELIUS
750 180 799 233 DE
817 179 1004 235 AMICITIA.

275 360 399 417 tuosum
421 351 471 434 sit,
495 358 526 417 et
547 352 665 418 amieos
686 358 845 435 tamquam
866 351 1005 436 pecudes
1027 373 1081 419 eos
1102 349 1296 439 potissimum

275 454 419 538 diligunt,
447 475 488 520 ex
515 455 629 537 quibus
655 461 783 539 sperant
808 475 842 521 se
868 457 1041 521 maximum
1068 457 1199 522 fructum
1226 473 1297 520 esse

225 573 259 623 so
277 565 431 643 capturos.
453 557 503 622 lta
518 557 727 642 pulcherrima
746 559 802 623 illa
822 565 854 624 et
875 559 1013 625 maxime
1035 557 1166 625 naturali
1188 563 1306 622 carent·

276 661 414 726 amicitia
435 680 490 744 per
512 680 546 726 se
569 666 601 726 et
619 667 746 746 propter
766 681 799 727 se
819 662 959 745 expetita
974 681 1033 727 nec
1047 662 1106 746 ipsi
1120 659 1181 725 sibi
1195 679 1298 724 exem-

276 764 328 849 plo
343 769 425 844 sunt,
440 763 520 828 haec
533 763 582 829 vis
603 764 759 828 amicitiae
782 771 813 829 et
835 764 936 846 qualis
959 770 990 829 et
1013 770 1127 847 quanta
1148 763 1197 828 sit.
1224 763 1298 845 Ipse

277 866 360 931 enim
382 885 417 932 se
439 866 570 948 quisque
596 865 708 949 diligit,
731 887 794 931 non
820 873 855 931 ut
875 867 1013 949 aliquam
1035 888 1054 932 a
1075 885 1109 931 se
1131 866 1200 949 ipse
1221 884 1300 928 mer-

277 967 386 1033 cedem
412 967 521 1051 exigat
547 967 686 1033 caritatis
709 987 794 1048 suae,
818 967 874 1033 sed
897 968 980 1050 quod
1002 988 1057 1053 per
1077 986 1113 1033 se
1136 966 1196 1032 sibi
1219 965 1299 1047 quis·

239 1150 258 1159 ἢ
277 1086 338 1153 que
353 1089 443 1135 carus
458 1077 514 1135 est.
539 1069 629 1146 Quod
651 1070 713 1135 nisi
733 1070 818 1134 idem
839 1071 872 1134 in
895 1071 1062 1135 amicitiam
1084 1069 1300 1152 transferetur,

276 1191 370 1237 verus
391 1172 511 1237 amicus
533 1191 703 1254 numquam
725 1172 911 1257 reperietu1·;
942 1179 990 1238 est
1011 1171 1094 1237 enim
1115 1172 1153 1253 is,
1177 1170 1231 1253 qui
1253 1175 1301 1236 est

226 1286 258 1336 81
277 1282 438 1357 tamquam
459 1275 539 1338 alter
560 1274 653 1338 idem.
699 1273 789 1351 Quod
819 1276 846 1340 si
875 1275 934 1342 hoc
962 1282 1092 1359 apparet
1122 1274 1153 1338 in
1180 1273 1299 1353 bestiis,

277 1376 464 1458 volucribus,
487 1377 645 1457 nantibus,
666 1378 851 1461 agrestibus,
876 1377 1038 1458 cicuribus,
1062 1377 1145 1454 feris,
1165 1376 1301 1461 primum

277 1485 312 1571 ut
325 1499 360 1544 se
374 1480 461 1563 ipsae
481 1479 614 1562 diligant
629 1479 675 1563 (id
697 1480 781 1544 enim
803 1480 920 1563 pariter
940 1500 1012 1545 cum
1034 1480 1118 1544 omni
1139 1479 1301 1543 animante

277 1581 439 1667 nascitur),
467 1580 582 1646 deinde
607 1587 642 1646 ut
668 1583 828 1664 requirant
854 1589 948 1664 atque
974 1582 1136 1667 adpetant,
1159 1581 1200 1646 ad
1223 1601 1302 1662 quas

244 1759 245 1763 Ἰ
278 1703 313 1749 se
338 1682 507 1767 adplicent,
531 1683 670 1748 eiusdem
696 1685 822 1766 generis
848 1685 1034 1766 animantes,
1060 1684 1156 1766 idque
1182 1684 1303 1748 faciunt

279 1805 349 1851 cum
364 1785 518 1850 desiderio
533 1792 565 1851 et
580 1805 650 1850 cum
666 1784 802 1867 quadam
816 1785 1018 1851 similitudine
1032 1788 1148 1851 amoris
1162 1785 1302 1866 humani,

279 1894 396 1969 quanto
423 1887 456 1951 id
482 1887 584 1970 magis
610 1888 643 1951 in
670 1886 796 1952 homine
821 1888 857 1952 fit
883 1895 1007 1970 natura,
1031 1889 1085 1971 qui
1116 1895 1148 1954 et
1179 1889 1303 1972 seipse

279 1989 379 2073 diligit
408 1996 439 2054 et
468 1990 600 2054 alterum
628 1989 775 2071 anquirit,
799 1991 885 2079 cuins
912 1990 1051 2055 animum
1078 1991 1122 2054 ita
1151 2010 1221 2054 cum
1247 2009 1303 2056 suo

228 2067 265 2188 ἓξ
279 2093 417 2173 misceat,
439 2098 475 2157 ut
501 2091 617 2157 efficiat
642 2112 744 2176 paene
770 2112 867 2157 unum
889 2114 931 2158 ex
953 2090 1083 2158 duobus.
1129 2092 1194 2159 Sed
1216 2093 1303 2177 pleri-

280 2215 340 2278 que
362 2214 518 2278 perverse,
542 2215 582 2260 ne
604 2194 708 2258 dicam
734 2195 941 2278 impudenter,
964 2194 1081 2259 habere
1107 2195 1202 2260 talem
1229 2196 1303 2259 ami·

280 2318 351 2362 cum
373 2295 490 2378 volunt,
514 2298 622 2379 quales
648 2298 709 2382 ipsi
737 2317 805 2362 esse
828 2319 891 2362 non
913 2304 1054 2382 possunt,
1077 2318 1220 2380 quaeque
1242 2298 1304 2382 ipsi

279 2419 343 2464 non
371 2399 511 2464 tribuunt
540 2399 658 2480 amicis,
682 2398 761 2464 haec
791 2400 831 2464 ab
860 2400 900 2464 iis
929 2399 1117 2465 desiderant.
1167 2402 1228 2464 Par
1258 2406 1305 2465 est

280 2498 384 2566 autem
414 2501 548 2584 primum
578 2502 680 2585 ipsum
710 2521 779 2567 esse
805 2500 906 2566 virum
932 2504 1057 2583 bonnm,
1081 2509 1147 2567 tum
1173 2503 1305 2567 alterum

281 2604 414 2670 similem
436 2603 484 2668 sui
506 2622 664 2685 quaerere.
709 2606 747 2667 In
770 2604 885 2669 talibus
908 2625 955 2686 ea,
980 2625 1073 2686 quam
1100 2607 1163 2669 iam
1187 2604 1304 2669 dudum

281 2713 465 2787 tractamus,
499 2707 652 2771 stabilitas
685 2707 841 2771 amicitiae
875 2707 1051 2772 confirmari
1083 2714 1200 2791 potest,
1234 2727 1305 2772 cum

281 2809 423 2876 homines
444 2808 658 2874 benivolentia
680 2810 835 2874 coniuncti
858 2809 992 2892 primum
1015 2810 1238 2894 cupiditatibus
1256 2811 1304 2892 iis,

282 2912 396 2994 quibus
415 2911 509 2975 ceteri
528 2911 678 2991 serviunt,
694 2911 901 2995 imperabunt,
918 2911 1033 2976 deinde
1047 2912 1206 2994 aequitate
1221 2912 1305 2978 insti·

284 3012 393 3096 tiaque'
413 3012 605 3096 gaudebunt,
632 3013 798 3094 omniaque
824 3014 903 3078 alter
933 3035 990 3098 pro
1018 3015 1116 3079 altero
1147 3015 1305 3099 suscipiet,

283 3137 386 3199 neque
407 3116 573 3197 quicquam
596 3105 743 3198 umquam
765 3116 826 3180 nisi
848 3115 1011 3182 honestum
1035 3124 1065 3182 et
1087 3124 1206 3182 rectum
1228 3118 1307 3182 alter

283 3220 324 3283 ab
346 3218 443 3283 altero
465 3218 643 3301 postulabit,
665 3237 768 3299 neque
794 3219 894 3283 solnm
917 3219 1021 3284 colent
1042 3221 1124 3286 inter
1145 3239 1179 3286 se
1201 3240 1240 3285 ao
1264 3220 1306 3285 di-

283 3321 392 3406 ligent,
415 3317 470 3384 sed
497 3320 591 3383 etiam
618 3321 823 3403 verebuntur;
855 3342 929 3385 nam
951 3323 1122 3387 maximum
1145 3343 1306 3388 ornamen-

234 3434 267 3483 83
285 3431 351 3487 tum
372 3420 528 3486 amicitiae
549 3421 639 3502 tollit,
655 3422 708 3504 qui
731 3443 771 3485 ex
794 3441 832 3486 ea
846 3423 926 3487 tollit
941 3425 1171 3490 verecundiam.
1196 3427 1306 3508 Itaque

285 3526 318 3589 in
347 3525 386 3589 iis
415 3523 606 3607 perniciosus
636 3531 684 3589 est
713 3545 809 3607 error,
841 3526 893 3608 qui
928 3527 1108 3592 existimant
1141 3527 1307 3592 libidinum

286 3631 544 3712 peccatorumque
566 3626 705 3690 omnium
726 3633 832 3710 patere
851 3628 884 3691 in
899 3628 1038 3693 amicitia
1051 3629 1225 3713 licentiam;
1249 3630 1308 3694 vir·

286 3734 387 3792 tutum
408 3726 546 3790 amicitia
568 3725 703 3792 adiutrix
726 3728 746 3791 a'
767 3734 878 3792 natura
900 3729 975 3795 data
997 3738 1053 3812 est,
1076 3752 1139 3796 non
1162 3731 1306 3796 vitiorum
