3026 4350
526 193 609 248 our.
624 196 732 250 rs-ao.
751 197 888 258 see-ra.
1180 178 1223 243 25

189 385 315 450 parem,
345 367 428 451 quod
457 368 485 433 is
514 368 656 433 anteibat
685 374 806 449 aetate,
838 374 1000 450 tamqnam
1030 369 1222 454 superiorem

189 469 317 535 colebat
335 491 471 555 suosque
493 492 602 538 omnes
624 493 680 557 per
703 492 737 538 se
759 492 853 557 posse
873 492 942 539 esse
957 473 1125 558 ampliores
1139 473 1221 538 vole-

188 573 256 637 bat.
292 571 382 649 Quod
404 574 584 640 faciendum
607 575 857 658 imitandumque
879 582 927 641 est
948 575 1104 657 omnibus,
1127 583 1172 658 ut,
1195 577 1222 642 si
1241 585 1273 632 ⁷0

190 695 287 757 qnam
316 678 541 761 praestantiam
569 679 703 760 virtutis,
730 679 860 763 ingenii,
887 679 1031 744 fortunae
1062 680 1222 744 consecuti

190 778 266 860 sint,
292 778 473 864 impertiant
500 801 538 846 ea
563 782 628 846 suis
651 781 943 864 communicentque
966 801 1037 846 cum
1058 782 1220 866 proximis,

188 886 236 961 ut,
259 881 285 945 si
308 884 490 966 parentibus
515 884 582 948 nati
605 885 667 950 sint
694 883 874 964 humilibus,
897 885 924 949 si
950 884 1143 970 propinquos
1170 884 1221 950 ha

189 985 289 1049 beant
310 985 502 1053 inbecilliora
524 987 576 1052 vel
597 988 703 1052 animo
725 988 777 1053 vel
798 987 933 1067 fortuna,
954 1007 1062 1053 eorum
1083 995 1222 1072 augeant

190 1107 268 1171 opes
298 1088 406 1171 eisque
436 1088 545 1156 honori
574 1091 639 1156 sint
665 1096 697 1155 et
723 1089 880 1173 dignitati,
903 1097 937 1155 ut
963 1090 996 1154 in
1019 1090 1144 1172 fabulis,
1168 1092 1222 1174 qui

189 1190 385 1274 aliquamdiu
415 1200 542 1277 propter
570 1194 800 1278 ignorationem
833 1194 939 1278 stirpis
972 1199 1004 1259 et
1032 1194 1159 1277 generis
1187 1195 1221 1258 in

189 1293 344 1360 famulatu
374 1294 499 1375 fuerint,
530 1317 601 1361 cnm
631 1297 749 1381 cogniti
778 1303 852 1361 suut
879 1302 986 1361 etant
1013 1295 1141 1361 deorum
1166 1302 1222 1361 aut

190 1418 301 1481 regum
328 1397 383 1462 filii
410 1399 541 1477 inventi,
568 1400 705 1464 retinent
731 1406 837 1464 tamen
865 1399 1027 1464 caritatem
1056 1399 1090 1463 in
1119 1406 1221 1484 pasto

189 1521 250 1582 res,
273 1520 352 1584 quos
375 1508 480 1585 patres
503 1502 616 1568 multos
637 1522 738 1567 annos
761 1522 830 1568 esse
853 1501 1010 1567 duxerint.
1057 1500 1148 1579 Quod
1173 1509 1222 1568 est

189 1604 288 1668 multo
309 1604 450 1689 profecto
475 1605 577 1690 magis
602 1607 636 1670 in
659 1606 742 1671 veris
764 1605 906 1690 patribus
928 1606 1083 1688 certisque
1105 1606 1221 1671 facien-

190 1706 275 1771 dum.
320 1708 454 1773 Fructus
482 1710 566 1773 enim
592 1708 713 1792 ingenii
740 1715 771 1773 et
797 1708 920 1773 vimutis
947 1709 1110 1790 omnisque
1133 1729 1220 1792 prae·

189 1810 326 1876 stantiae
348 1816 415 1875 tum
436 1811 595 1876 maximus
617 1811 838 1896 capitaneum
860 1811 894 1874 in
917 1810 1093 1894 proximum
1117 1830 1220 1893 quem·

189 1933 251 1995 que
274 1913 439 1978 confertur.
1232 1986 1271 2041 2⁰

275 2017 319 2083 Ut
333 2016 429 2102 igitur
443 2017 475 2098 ii,
487 2017 541 2100 qui
553 2023 626 2082 sunt
641 2017 673 2082 in
688 2005 846 2082 amicitiae
861 2016 1152 2099 coniunctionisque
1166 2036 1219 2082 ne
1238 2060 1268 2106 ῃ

189 2119 380 2185 cessitudine
399 2120 585 2205 superiores,
607 2139 785 2203 exaequare
804 2139 839 2185 se
859 2140 930 2185 cum
949 2119 1149 2185 inferioribus
1168 2119 1219 2185 de·

188 2223 275 2305 bent,
292 2222 338 2289 sie
353 2222 516 2289 inferiores
532 2243 596 2289 non
612 2222 717 2289 dolere
731 2243 766 2288 se
781 2244 802 2287 a
813 2223 877 2287 suis
888 2229 943 2287 aut
955 2223 1083 2307 ingenio
1095 2228 1150 2288 aut
1160 2223 1220 2288 for-

189 2331 267 2391 tuna
277 2333 332 2391 aut
344 2325 498 2409 dignitate
510 2327 660 2411 superari.
685 2325 823 2402 Quorum
835 2326 975 2410 plerique
986 2331 1041 2390 aut
1049 2330 1221 2407 queruntur

189 2448 314 2514 semper
327 2428 447 2512 aliquid
462 2436 515 2494 ant
531 2430 627 2494 etiam
649 2429 851 2513 exprobrant,
867 2448 967 2510 eoque
989 2429 1101 2513 magis,
1116 2429 1145 2494 si
1166 2427 1220 2493 ha-

187 2533 265 2598 bere
275 2552 311 2598 se
322 2538 443 2618 putant,
456 2532 540 2615 quod
551 2533 691 2599 officiose
703 2539 734 2598 et
745 2533 846 2597 amice
859 2539 890 2598 et
906 2553 977 2597 cum
992 2533 1100 2598 labore
1114 2533 1219 2615 aliquo

188 2657 245 2702 suo
263 2636 382 2701 laetum
398 2643 515 2719 queant
537 2635 649 2702 dicere.
685 2635 835 2702 Odiosum
851 2656 928 2702 sane
941 2656 1042 2720 genus
1056 2635 1218 2701 hominum

187 2739 293 2804 officia
305 2739 659 2823 exprobrantium,quae
670 2739 850 2805 meminisse
860 2738 955 2804 debet
966 2739 1042 2819 is,in
1054 2757 1147 2821 quem
1160 2740 1219 2805 col-

187 2843 253 2907 lata
267 2848 351 2922 sunt,
367 2861 431 2906 non
454 2862 707 2922 commemorare,
724 2842 777 2923 qni
801 2842 938 2906 eontulit.
968 2841 1217 2922 Quamobrem,
1237 2857 1269 2904 72

187 2952 222 3011 ut
243 2945 277 3026 ii,
298 2944 351 3027 qui
373 2945 549 3029 superiores
571 2951 654 3025 sunt,
676 2945 870 3009 summittere
892 2963 926 3009 se
949 2943 1067 3009 debent
1089 2944 1122 3008 in
1142 2945 1219 3009 ami-

188 3049 271 3130 citia,
295 3049 340 3113 sio
363 3047 498 3130 quodam
521 3047 613 3114 modo
635 3047 800 3114 inferiores
822 3048 981 3113 extollere.
1027 3048 1107 3113 Sunt
1134 3048 1218 3113 enim

187 3151 326 3235 quidam,
345 3152 400 3235 qui
417 3152 565 3218 molestas
586 3152 742 3216 amicitias
764 3151 893 3232 faciunt,
917 3170 988 3215 oum
1009 3151 1070 3236 ipsi
1092 3171 1126 3216 se
1149 3171 1219 3216 eon-

186 3255 285 3321 temni
301 3261 430 3339 putant3
454 3254 538 3338 quod
560 3275 623 3320 non
646 3253 713 3320 fere
735 3253 889 3337 contingit
909 3253 971 3318 nisi
985 3253 1035 3334 iis,
1050 3254 1105 3336 qui
1124 3254 1219 3318 etiam

187 3358 436 3426 contemnendos
455 3378 490 3424 se
508 3358 716 3442 arbitrantur;
740 3357 793 3439 qui
808 3357 868 3421 hae
883 3357 1032 3441 opinione
1046 3378 1110 3422 non
1125 3356 1218 3422 modo

186 3462 302 3544 verbis,
331 3460 510 3528 sedetiam
539 3482 633 3546 opere
663 3460 791 3526 levandi
820 3465 900 3525 sunt.
945 3461 1082 3524 Tantum
1111 3466 1217 3525 autem
1234 3474 1269 3521 aa

186 3566 300 3650 cuique
326 3565 536 3649 tribuendum,
563 3565 698 3649 primum
725 3570 876 3646 quantum
903 3563 972 3647 ipse
998 3562 1125 3628 efficere
1150 3584 1218 3648 pos·
1270 3610 1272 3615 ,

186 3670 240 3751 sis,
262 3667 379 3734 deinde
402 3669 498 3736 etiam
520 3674 672 3752 quantum
693 3667 756 3748 ille,
782 3685 876 3749 quem
901 3665 1016 3749 diligas
1041 3671 1138 3748 atque
1165 3666 1218 3731 ad-

185 3773 286 3855 iuves,
314 3772 478 3838 sustinere.
523 3772 596 3836 Non
626 3771 710 3835 enim
739 3788 841 3852 neque
870 3774 905 3833 tu
934 3767 1046 3853 possis,
1073 3771 1219 3852 quamuis
1292 3800 1294 3804 ·
