3026 4350
355 189 394 252 12
651 203 811 258 LAELIUS
830 204 878 256 DE
897 202 1082 272 AMICITIA.

353 386 384 443 et
407 377 633 443 consuetudine
655 376 813 457 adiuncta,
830 376 943 457 quibus
964 377 1058 441 rebus
1078 375 1119 439 ad
1139 376 1225 439 illum
1248 377 1396 459 primum

353 489 471 546 motum
500 481 597 545 animi
627 487 658 544 et
685 480 799 544 amoris
826 479 977 543 adhibitis
1004 478 1198 543 admirabilis
1226 478 1395 560 quaedam

353 584 531 649 exardescit
545 583 777 649 benivolentiae
793 581 986 666 magnitudo,
1018 580 1120 658 Quam
1144 582 1169 646 si
1193 583 1246 663 qui
1269 588 1394 665 putant

352 686 392 750 ab
423 687 626 752 inbecillitate
652 685 817 770 proficisci,
845 693 879 749 ut
908 686 957 765 sit,
985 704 1042 768 per
1069 705 1161 766 quem
1191 684 1394 766 adsequatur

353 789 437 872 quod
459 790 591 872 quisque
614 788 780 870 desideret,
800 788 949 853 humilem
972 808 1049 853 sane
1071 788 1252 870 relinquunt
1275 795 1306 852 et
1329 789 1392 852 mi-

351 894 437 956 nime
466 913 663 977 generosum,
690 899 725 957 ut
751 893 795 956 ita
822 890 934 971 dicam,
963 897 1064 956 ortum
1094 892 1260 971 amicitiae,
1289 912 1391 974 quam
1491 912 1492 947 3

353 1016 393 1059 ex
419 996 526 1079 inopia
552 1002 647 1078 atque
673 995 849 1079 indigentia
876 1001 984 1059 natam
1011 996 1129 1059 volunt.
1176 994 1267 1070 Quod
1290 996 1316 1059 si
1339 996 1391 1059 ita
1491 994 1492 997 ’

353 1105 445 1180 esset,
469 1107 503 1163 ut
529 1100 660 1181 quisque
687 1098 851 1164 minimum
878 1118 947 1163 esse
975 1099 1008 1162 in
1036 1118 1070 1164 se
1097 1100 1310 1178 arbitraretur,
1340 1099 1389 1162 ita
1491 1096 1492 1163 j

352 1202 393 1265 ad
422 1203 592 1267 amicitiam
622 1209 705 1267 esset
734 1202 935 1287 aptissimus,
966 1202 1050 1283 quod
1079 1204 1172 1285 longe
1203 1222 1294 1267 secus
1325 1209 1385 1267 est.

300 1326 334 1372 ao
353 1306 395 1370 Ut
426 1307 510 1371 enim
541 1307 672 1387 quisque
702 1306 762 1371 sibi
788 1305 956 1389 plurimum
980 1305 1117 1386 confidit,
1142 1313 1173 1370 et
1195 1311 1229 1369 ut
1252 1306 1386 1388 quisque

352 1410 489 1475 maxime
518 1411 633 1475 virtute
664 1416 695 1474 et
724 1411 880 1493 sapientia
910 1411 955 1476 sic
985 1412 1123 1475 munitus
1154 1418 1211 1491 est,
1234 1417 1269 1476 ut
1296 1411 1385 1476 nullo

351 1518 445 1595 egeat
474 1533 593 1594 suaque
622 1514 727 1578 omnia
756 1513 789 1576 iu
820 1533 854 1578 se
882 1514 951 1597 ipso
980 1514 1083 1598 posita
1113 1513 1243 1594 iudicet,
1275 1515 1320 1579 ita
1350 1516 1384 1578 iu

351 1615 497 1680 amicitiis
523 1616 710 1700 expetendis
733 1615 933 1698 colendisque
956 1616 1095 1682 maxime
1118 1618 1252 1681 excellit.
1299 1618 1384 1694 Quid

352 1718 460 1782 euim‘?
491 1719 659 1783 Africanus
681 1718 829 1801 indigens
851 1720 937 1784 mei?
970 1721 1098 1783 Minime
1120 1720 1256 1800 hercule,
1280 1742 1319 1785 ac
1343 1742 1383 1785 ne

352 1841 411 1904 ego
433 1821 560 1903 quidem
582 1822 681 1905 illius;
710 1820 766 1886 sed
789 1842 847 1905 ego
869 1821 1077 1887 admiratione
1100 1824 1236 1906 quadam
1262 1825 1383 1889 virtutis

353 1926 429 2004 eius,
452 1925 504 1989 ille
527 1925 666 1988 vicissim
688 1925 836 2008 opinione
862 1926 995 1990 fortasse
1019 1947 1083 1991 non
1105 1929 1201 2008 nulla,
1226 1948 1319 2008 quam
1343 1929 1382 1993 de

352 2027 430 2092 meis
452 2028 590 2092 moribus
612 2027 760 2107 babebat,
783 2048 833 2092 me
862 2027 989 2111 dilexit3
1017 2030 1107 2093 auxit
1136 2030 1380 2094 benivolentiam

352 2129 552 2195 consuetudo.
582 2129 647 2194 Sed
666 2151 856 2212 quamquam
878 2124 1030 2197 utilitates
1052 2134 1169 2197 multae
1193 2141 1223 2197 et
1246 2153 1380 2217 magnae

352 2240 537 2298 consecutae
565 2240 646 2314 sunt,
671 2254 733 2298 non
761 2241 833 2298 sunt
860 2241 966 2299 tamen
993 2235 1033 2299 ab
1058 2255 1163 2299 earum
1189 2257 1245 2320 spe
1268 2257 1379 2301 causae

299 2361 329 2406 31
351 2335 503 2419 diligendi
518 2336 686 2419 profectae.
711 2337 754 2401 Ut
773 2337 857 2400 euim
876 2337 1011 2402 benefici
1033 2338 1242 2420 liberalesque
1265 2359 1378 2420 sumus,

351 2458 412 2501 non
437 2446 471 2501 ut
494 2439 659 2521 exigamus
679 2441 813 2522 gratiam
828 2440 945 2525 (neque
962 2442 1045 2504 enim
1068 2442 1256 2506 beneficium
1280 2443 1378 2508 faene-

351 2561 463 2621 ramur,
488 2540 544 2606 sed
566 2549 679 2605 natura
700 2544 848 2627 propensi
871 2543 913 2607 ad
936 2545 1156 2609 liberalitatem
1182 2545 1313 2631 sumus),
1337 2547 1378 2610 sic

350 2644 521 2708 amicitiam
551 2666 615 2710 uon
645 2665 701 2728 spe
731 2647 884 2712 mercedis
914 2647 1056 2728 adducti,
1080 2648 1136 2713 sed
1167 2649 1250 2730 quod
1280 2650 1377 2713 omnis

350 2747 417 2810 eius
444 2747 563 2810 fructus
590 2747 623 2810 in
650 2749 719 2831 ipso
744 2769 851 2814 amore
873 2751 965 2830 inest,
989 2751 1201 2833 expetendam
1224 2760 1375 2835 putamus.

299 2873 331 2918 aa
349 2851 398 2913 Ab
414 2849 473 2928 his,
491 2850 543 2930 qui
559 2850 716 2934 pecudum
738 2851 799 2915 ritu
822 2851 864 2916 ad
886 2854 1080 2935 voluptatem
1103 2855 1208 2918 omnia
1231 2854 1375 2933 referunt,

349 2953 442 3034 longe
472 2950 671 3032 dissentiunt,
698 2974 758 3017 uec
789 2956 918 3038 mirum,
949 2956 1028 3019 nihil
1059 2958 1144 3021 enim
1172 2958 1280 3039 altum,
1304 2957 1376 3021 nibil

349 3054 550 3136 magnificum
571 3076 609 3119 ac
624 3056 766 3120 dlvinum
782 3060 940 3141 suspicere
955 3066 1095 3142 possunt,
1112 3062 1166 3142 qui
1182 3081 1255 3125 suas
1271 3080 1375 3126 onmes

350 3157 554 3239 cogitationes
577 3159 759 3222 abiecerunt
781 3161 813 3224 in
836 3182 902 3225 rem
921 3167 987 3225 tam
1002 3161 1150 3229 humilem
1166 3171 1292 3244 tamque
1309 3184 1376 3228 con·

349 3266 508 3342 temptam.
555 3260 656 3336 Quam
683 3263 722 3327 ob
750 3283 816 3327 rem
843 3263 900 3328 hos
928 3250 1054 3345 quidem
1081 3267 1121 3330 ab
1150 3267 1209 3331 hoc
1236 3286 1375 3332 sermone

348 3381 573 3442 removeamus,
596 3364 656 3447 ipsi
684 3372 789 3429 autem
816 3366 1035 3450 intellegamus
1062 3376 1174 3433 natura
1196 3369 1285 3453 gigni
1312 3389 1374 3434 sen-

346 3485 417 3527 sum
440 3463 591 3548 diligendi
614 3474 646 3530 et
669 3468 900 3533 benivolentiae
924 3471 1085 3535 caritatem
1111 3472 1197 3536 facta
1224 3472 1373 3555 significa-

348 3566 431 3628 tione
454 3567 626 3649 probitatis.
652 3568 754 3644 Quam
777 3572 829 3651 qui
852 3571 1082 3655 adpetiverunt,
1106 3574 1266 3658 adplicant
1290 3595 1324 3641 se
1345 3583 1373 3639 et

347 3668 475 3750 propius
497 3667 676 3752 admovent,
703 3680 737 3735 ut
760 3679 791 3736 et
812 3694 871 3739 usu
894 3675 970 3755 eius,
994 3696 1087 3757 quem
1114 3676 1244 3761 diligere
1273 3697 1372 3762 coepe-

349 3775 433 3849 runt,
464 3770 606 3835 truantur
635 3782 666 3837 et
696 3775 833 3840 moribus
868 3777 991 3860 sintque
1022 3799 1114 3861 pares
1148 3782 1181 3844 in
1211 3801 1316 3845 amore
1344 3787 1372 3845 et
