3026 4350
560 194 731 249 onec-l.
751 197 870 259 so-rl.
1018 222 1021 227 -
1211 183 1231 247 ἵ)

194 368 347 434 moriendi
373 376 478 432 autern
505 388 633 433 sensum
660 367 802 432 celeritas
828 367 966 433 abstulit.
1016 369 1085 446 Quo
1112 370 1152 435 de
1178 392 1229 453 ge·

193 492 269 536 nere
291 472 398 536 mortis
422 470 550 535 difficile
574 469 659 535 dictu
682 478 746 554 est,
771 470 846 553 quid
868 471 1011 537 homines
1031 473 1230 557 suspicentur

194 574 323 657 videtis;
346 574 406 639 hoc
429 594 503 640 uere
526 581 632 638 tamar
655 574 729 639 licet
751 573 865 655 dicere,
889 576 923 639 P.
937 575 1076 660 Scipioni
1093 597 1134 641 ex
1152 577 1228 640 mul-

194 677 235 743 tis
261 676 383 757 diebus,
407 698 485 759 quos
511 678 543 740 in
571 677 638 741 vita
664 677 883 743 celeberrimos
909 679 1159 761 laetissimosque
1183 680 1228 744 vi·

194 780 282 861 derit,
299 781 386 844 illum
408 779 492 845 diem
515 781 720 845 clarissimum
743 780 850 861 fuisse,
867 801 939 845 cum
962 789 1074 846 senatu
1097 781 1227 851 dimisso

194 883 321 948 domum
336 883 484 948 reductus
502 882 544 946 ad
567 903 733 967 vesperum
757 892 804 949 cst
826 905 846 947 a
868 885 1010 967 patribus
1033 885 1227 969 conscriptis,

194 986 307 1070 populo
329 988 481 1066 Romano,
506 986 599 1051 sociis
626 993 657 1050 et
684 987 814 1063 Latinis,
838 987 940 1071 pridie
968 1008 1061 1069 quam
1090 988 1227 1051 excessit

194 1109 212 1154 c
239 1090 314 1169 vita,
337 1096 372 1153 ut
399 1109 440 1153 ex
467 1095 532 1153 tam
558 1090 622 1154 alto
650 1088 812 1172 dignitatis
839 1088 941 1173 gradu
967 1089 1009 1154 ad
1032 1110 1161 1174 superos
1185 1090 1227 1153 vi-

194 1192 305 1256 deatur
327 1190 403 1257 deos
426 1191 529 1275 potius
553 1212 647 1273 quarn
669 1191 711 1255 ad
732 1191 850 1257 inferos
872 1193 1064 1277 pervenisse.

279 1297 391 1377 Neque
415 1295 499 1359 enim
521 1294 681 1359 adsentior
703 1295 751 1375 iis,
772 1296 825 1377 qui
847 1295 927 1361 haec
950 1317 1050 1379 nuper
1073 1294 1228 1361 disserere
1250 1281 1282 1400 ff,

194 1405 374 1482 coeperunt,
398 1417 469 1462 cum
498 1397 679 1482 corporibus
709 1398 801 1463 simul
828 1399 949 1463 animos
977 1399 1105 1463 interire
1132 1406 1229 1480 atque
1267 1384 1272 1398 ’

193 1502 299 1567 omnia
325 1507 424 1565 morte
452 1500 565 1584 deleri;
596 1501 667 1584 plus
694 1501 780 1585 apud
804 1522 855 1566 me
878 1502 1076 1584 antiquorum
1099 1503 1229 1566 auctori-

194 1613 243 1670 tas
265 1606 358 1684 valet,
382 1605 434 1669 vel
459 1610 632 1670 nostrorum
660 1605 822 1686 maiorum,
846 1606 900 1687 qui
922 1606 1051 1671 mortuis
1072 1611 1138 1669 tam
1160 1605 1229 1669 reli-

194 1709 283 1791 giosa
312 1709 380 1772 iura
409 1708 594 1786 tribuerunt,
626 1706 711 1790 quod
744 1728 807 1772 non
838 1707 987 1773 fecissent
1018 1707 1168 1792 profecto,
1202 1709 1229 1772 si

194 1811 273 1875 nihil
301 1810 343 1875 ad
373 1830 426 1875 cos
455 1811 611 1894 pertinere
642 1812 878 1892 arbitrarentur,
901 1813 953 1876 vel
977 1832 1093 1894 eorum,
1118 1811 1171 1893 qui
1195 1811 1228 1874 in

193 1914 253 1978 hac
275 1921 359 1979 terra
380 1913 508 1978 luerunt
530 1935 741 1998 magnamque
761 1915 936 1995 Graeciam,
954 1934 1033 1996 quae
1056 1934 1140 1979 nunc
1163 1914 1229 1996 qui-

195 2017 266 2083 dem
290 2017 393 2082 deleta
415 2023 472 2098 est,
492 2024 560 2082 tum
582 2018 722 2099 florebat,
738 2018 888 2083 institutis
911 2024 943 2082 et
964 2018 1141 2101 praeceptis
1163 2017 1229 2081 suis

195 2121 384 2201 erudierunt,
403 2122 455 2186 vel
479 2121 555 2201 eius,
580 2122 632 2203 qui
651 2122 805 2204 Apollinis
827 2122 951 2185 oraculo
976 2121 1228 2204 sapientissimus

195 2231 243 2290 est
268 2224 433 2304 iudicatus,
457 2225 510 2306 qui
537 2245 600 2288 non
628 2230 695 2288 tum
719 2224 787 2305 hoc,
811 2231 877 2287 tum
900 2222 988 2304 illud,
1011 2231 1045 2287 ut
1067 2224 1100 2287 in
1123 2224 1228 2307 pleris-

195 2350 265 2411 que,
289 2328 345 2394 scd
374 2326 459 2392 idem
490 2348 622 2412 semper,
650 2328 771 2393 animos
801 2327 963 2391 hominum
994 2347 1064 2392 esse
1094 2327 1227 2406 divinos,

195 2433 305 2513 iisque,
330 2451 399 2495 cum
427 2450 468 2494 ex
495 2450 624 2514 corpore
647 2430 868 2511 excessissent,
892 2428 1027 2494 reditum
1049 2431 1082 2493 in
1107 2431 1229 2494 caelum

196 2541 312 2618 patere,
340 2534 520 2618 optimoque
548 2541 579 2597 et
605 2533 776 2598 iustissimo
804 2534 916 2615 cuique
944 2532 1226 2616 expeditissimum.

196 2636 286 2713 Quod
312 2637 397 2701 idem
419 2637 559 2721 Scipioni
582 2636 757 2717 uidebatur,
782 2637 835 2719 qui
859 2636 995 2719 quidem,
1019 2636 1110 2718 quasi
1141 2655 1228 2719 prae·
1250 2657 1282 2703 14

195 2742 321 2825 sagiret,
336 2740 502 2825 perpaucis
523 2746 598 2804 ante
621 2748 752 2806 mortem
774 2740 896 2822 diebus,
918 2733 990 2805 cuni
1012 2748 1044 2804 et
1065 2739 1174 2803 Philus
1199 2744 1229 2802 et

195 2845 341 2910 Manilius
367 2843 494 2910 adesset
520 2851 552 2908 et
581 2844 634 2908 alii
661 2844 775 2928 plures,
803 2850 900 2926 tuque
931 2844 1036 2923 etiam,
1066 2842 1229 2921 Scaevola,

195 2968 317 3013 mecum
339 2949 491 3028 venisses,
515 2946 652 3011 triduum
675 2947 820 3012 disseruit
842 2945 883 3012 de
906 2967 939 3011 re
962 2946 1106 3030 publiea;
1139 2945 1227 3010 cuius

195 3050 415 3136 disputationis
437 3049 497 3114 fuit
520 3057 696 3114 extremum
718 3050 784 3115 fere
807 3049 847 3115 de
869 3050 1093 3114 inmortalitate
1113 3048 1229 3112 animo-

195 3175 273 3234 rum,
297 3174 378 3236 quae
405 3174 439 3219 se
465 3155 499 3218 in
521 3154 627 3235 quiete
653 3174 710 3238 per
736 3154 839 3218 visum
863 3173 904 3217 en
928 3153 1077 3217 Africano
1101 3151 1230 3215 audisse

196 3258 328 3323 dicebat.
375 3257 412 3321 Id
442 3258 469 3323 si
498 3258 543 3321 ita
573 3264 630 3338 est,
660 3263 695 3321 ut
724 3256 834 3340 optimi
866 3257 1016 3338 cuiusque
1043 3256 1168 3320 animus
1196 3254 1230 3316 in

196 3368 294 3426 morte
322 3361 471 3426 facillime
500 3361 604 3427 evolet
633 3366 794 3442 tamquam
828 3380 845 3424 e
879 3359 1021 3424 custodia
1052 3358 1230 3438 vinclisque

196 3465 343 3548 corporis,
364 3464 413 3528 cui
436 3484 600 3529 censemus
624 3483 749 3528 cursum
771 3461 812 3527 ad
836 3460 911 3527 deos
934 3461 1107 3526 faciliorem
1131 3459 1229 3523 fuisse

197 3589 291 3650 quarn
313 3568 478 3653 Scipioni?
523 3566 676 3645 Quocirca
702 3586 843 3631 maerere
866 3565 925 3630 boc
948 3565 1016 3630 eius
1040 3569 1156 3627 eventu
1179 3581 1229 3626 ve·

196 3691 265 3741 reor
286 3692 328 3736 ne
353 3671 453 3735 invidi
480 3671 582 3754 magis
610 3691 704 3752 quam
734 3669 828 3734 amici
858 3669 906 3735 sit.
953 3666 1009 3732 Sin
1040 3671 1146 3729 autem
1176 3663 1231 3727 illa

196 3772 328 3853 veriora,
343 3777 378 3835 ut
397 3770 481 3834 idem
503 3771 647 3834 interitus
670 3771 710 3836 sit
732 3771 907 3834 animorum
931 3775 962 3832 et
984 3786 1147 3848 corporum
1170 3784 1230 3828 nec
