3026 4350
338 177 378 238 18
634 191 1068 248 usumusnnsurarrru.

336 383 354 428 e
380 363 456 444 vita,
482 383 524 429 ne
550 365 672 447 aliquas
698 371 825 450 propter
851 386 921 431 eam
948 367 1156 452 suscipiamus
1181 365 1367 434 molestias?

336 465 420 543 Quid
446 467 531 531 enim
557 468 689 534 interest
714 475 800 533 motu
827 469 925 533 animi
952 470 1075 536 sublato
1101 490 1166 537 non
1192 469 1263 535 dico
1284 469 1369 535 inter

336 568 488 654 pecudem
520 577 551 636 et
580 570 750 652 hominem,
774 571 830 637 sed
861 572 943 637 inter
971 572 1130 639 hominem
1161 581 1193 639 et
1221 579 1367 638 truncum

335 681 390 738 aut
416 694 528 739 saxum
555 679 610 739 aut
636 674 762 758 quidvis
788 676 914 760 generis
936 676 1103 742 eiusdem?
1146 678 1259 759 Neque
1282 676 1368 741 enim

336 785 409 843 sunt
429 777 482 843 isti
504 777 663 860 audiendi,
684 779 737 862 qui
760 779 908 844 virtutem
932 778 1042 844 duram
1065 787 1097 846 et
1119 781 1209 863 quasi
1231 780 1367 845 ferream

336 901 405 947 esse
432 882 591 963 quandam
617 883 743 967 volunt,
775 902 856 964 quae
883 882 1009 964 quidem
1037 891 1085 948 est
1111 904 1182 948 cum
1204 883 1310 948 multis
1332 882 1367 947 in

334 986 438 1066 rebus
470 991 536 1050 tum
565 985 599 1050 in
629 985 769 1050 amicitia
797 991 908 1050 tenera
936 993 1032 1069 atque
1061 986 1244 1067 tractabilis,
1271 993 1305 1050 ut
1335 993 1367 1051 et

335 1090 427 1156 bonis
453 1089 546 1153 amici
573 1089 663 1172 quasi
690 1088 884 1154 diffundatur
911 1097 943 1154 et
968 1090 1175 1156 incommodis
1205 1089 1367 1155 contraha-

335 1199 394 1257 tur.
429 1190 531 1269 Quam
554 1193 594 1258 ob
616 1212 683 1257 rem
704 1213 805 1276 angor
826 1193 896 1274 iste,
920 1193 974 1275 qui
996 1213 1052 1277 pro
1074 1193 1177 1258 amico
1199 1213 1294 1276 saepe
1318 1213 1366 1256 ua-

336 1294 469 1380 piendus
499 1301 557 1377 est,
584 1316 647 1360 non
677 1301 800 1361 tantum
826 1297 921 1377 valet,
949 1303 984 1360 ut
1010 1297 1099 1361 tollat
1125 1316 1143 1362 e
1169 1297 1236 1361 vita
1260 1295 1366 1360 amici-

335 1401 422 1482 tiam,
443 1420 517 1465 non,
534 1399 604 1484 plus
628 1420 721 1482 quam
747 1406 782 1465 ut
803 1400 944 1482 virtutes,
968 1401 1127 1483 quianon
1149 1400 1252 1465 nullas
1275 1419 1366 1465 ouras

336 1510 367 1568 et
388 1503 550 1568 molestias
571 1501 728 1584 adferunt,
750 1503 962 1588 repudientur,

284 1617 320 1671 14
422 1607 511 1672 (lum.
529 1612 635 1670 autem
663 1605 826 1671 contrahat
852 1607 1032 1688 amicitiam,
1055 1612 1090 1671 ut
1117 1626 1212 1690 supra
1238 1605 1315 1687 dixi,
1339 1605 1365 1670 si

336 1730 398 1792 qua
420 1708 609 1793 significatio
631 1709 755 1774 virtutis
778 1709 908 1790 eluceat,
931 1708 973 1774 ad
996 1730 1089 1791 quam
1113 1729 1146 1774 se
1169 1709 1280 1774 similis
1300 1709 1366 1773 ani-

334 1833 404 1878 mus
426 1812 565 1896 adplicet
586 1818 618 1876 et
640 1810 801 1895 adiungat,
824 1811 857 1875 id
881 1832 951 1876 cum
975 1812 1115 1895 contigit,
1134 1832 1223 1877 amor
1245 1812 1365 1876 exoria-

283 1930 316 1978 49
335 1923 385 1980 tur
402 1935 533 1980 necesse
553 1921 609 1980 est.
640 1914 723 1991 uuio
739 1915 823 1979 enim
838 1921 904 1978 tam
918 1913 1089 1979 absurdum
1106 1934 1200 1997 quam
1216 1913 1364 1979 delectari

334 2019 440 2084 multis
461 2018 609 2083 inanimis
630 2018 735 2098 rebus,
757 2023 792 2081 ut
814 2016 941 2098 honore,
963 2024 998 2081 ut
1019 2017 1129 2101 gloria,
1152 2024 1187 2082 ut
1208 2016 1364 2099 aedilicio,

333 2129 368 2187 ut
390 2122 505 2187 vestitu
534 2121 681 2203 cultuque
709 2120 856 2204 corporis,
879 2120 1040 2185 animante
1067 2120 1183 2185 virtute
1209 2119 1363 2206 praedito,

334 2245 371 2290 eo
394 2225 448 2306 qui
469 2225 520 2288 vel
542 2244 648 2289 amare
666 2223 727 2304 vel,
743 2231 778 2288 ut
800 2224 844 2288 ita
866 2223 978 2305 dicam,
994 2223 1158 2289 redamare
1176 2225 1284 2307 possit,
1299 2245 1363 2290 non

333 2327 503 2394 admodum
518 2326 691 2392 delectari?
717 2327 805 2392 Nihil
828 2334 876 2392 est
898 2328 983 2391 enim
1003 2327 1255 2394 remuneratione
1277 2328 1364 2393 beni-

333 2431 500 2511 volentiae,
523 2430 601 2495 nihil
624 2430 840 2496 vicissitudine
866 2430 1039 2495 studiorum
1062 2429 1298 2512 officiorumque
1319 2431 1363 2496 iu-

281 2550 315 2597 uu
333 2534 473 2599 cundius.
498 2531 606 2610 Quid?
630 2534 656 2598 si
678 2533 755 2598 illud
778 2534 874 2599 etiam
896 2533 1051 2613 addimus
1075 2533 1158 2616 quod
1180 2539 1265 2598 recte
1287 2534 1362 2598 addi

332 2645 445 2723 potest,
465 2637 542 2701 nihil
562 2657 642 2716 esse,
662 2637 745 2719 quod
767 2637 809 2701 ad
831 2657 865 2710 se
887 2657 954 2701 rem
976 2637 1071 2700 ullam
1093 2641 1158 2701 tam
1181 2636 1309 2702 adliciat
1332 2645 1363 2704 et

332 2749 397 2806 tam
427 2740 530 2805 trahat
560 2760 655 2822 quam
684 2738 726 2803 ad
754 2739 925 2804 amicitiam
958 2739 1143 2821 similitudo,
1173 2739 1364 2806 concedetur

233 2907 234 2911 ,
332 2845 472 2930 profecto
494 2865 603 2910 verum
627 2863 705 2923 esse,
725 2850 759 2907 ut
778 2843 877 2908 bonos
896 2842 972 2907 boni
991 2841 1126 2926 diligant
1144 2844 1362 2927 asciscantque

332 2948 392 3013 sibi
416 2948 505 3029 quasi
531 2946 765 3030 propinquitate
793 2945 975 3011 coniunctos
1001 2951 1097 3027 atque
1124 2953 1252 3031 natura;
1283 2947 1362 3013 nihil

333 3057 380 3116 est
406 3050 490 3115 enim
519 3048 720 3133 adpetentius
750 3048 897 3113 similium
926 3049 975 3114 sui
1004 3068 1063 3113 nec
1092 3050 1237 3133 rapacius
1267 3069 1362 3132 quam

330 3160 451 3218 natura.
499 3152 599 3229 Quam
626 3152 666 3217 ob
688 3171 755 3216 rem
777 3152 836 3216 hoc
859 3151 995 3233 quidem,
1017 3152 1120 3217 Fanni
1144 3159 1176 3217 et
1198 3152 1360 3236 Scaevola,

331 3262 462 3336 constet,
485 3262 519 3319 ut
547 3255 665 3339 opinor,
688 3254 780 3319 bonis
807 3255 889 3319 inter
915 3255 1015 3320 bonos
1038 3256 1127 3336 quasi
1150 3257 1360 3321 necessariam

330 3358 585 3436 benivolentiam,
609 3358 664 3439 qui
690 3363 738 3422 est
764 3357 922 3422 amicitiae
944 3357 1015 3423 fons
1037 3378 1057 3422 a
1078 3365 1192 3422 natura
1215 3360 1361 3424 constitu-

330 3470 390 3528 tus.
413 3461 476 3528 Sed
500 3460 611 3526 eadem
634 3462 758 3527 bonitas
781 3461 875 3525 etiam
897 3461 938 3525 ad
960 3461 1192 3526 multitudinem
1213 3463 1359 3545 pertinet.

330 3566 404 3629 Non
434 3565 518 3629 enim
549 3570 596 3628 est
625 3563 799 3628 inhumana
828 3565 926 3629 virtus
956 3584 1059 3648 neque
1088 3565 1226 3629 inmunis
1256 3586 1361 3648 neque

331 3668 475 3749 superba,
499 3685 580 3747 quae
607 3667 701 3730 etiam
729 3667 859 3750 populos
886 3668 1048 3733 universos
1074 3667 1154 3735 tueri
1178 3668 1286 3750 eisque
1308 3688 1360 3754 op·

331 3769 406 3834 time
432 3769 592 3834 consulere
619 3769 733 3854 soleat3
769 3770 851 3855 quod
880 3791 940 3840 uon
969 3770 1088 3836 laceret
1113 3771 1263 3861 profecto,
1286 3772 1361 3842 sia
