3026 4350
339 169 381 233 20
639 185 800 241 LAELIUS
818 187 867 240 DE
885 186 1072 241 AMICITIA.

339 357 510 423 excludunt
537 359 692 426 amicitias
719 358 837 425 fideles.
883 360 956 425 Non
980 360 1064 425 enim
1087 362 1188 427 solum
1208 362 1280 446 ipsa
1302 363 1377 428 For·

338 468 416 527 tuna
438 483 535 528 caeca
558 469 614 544 est,
638 463 695 530 sed
719 484 772 529 eos
795 464 890 528 etiam
917 464 1101 548 plerumque
1128 466 1225 530 efficit
1251 485 1376 546 caecos,

339 586 417 648 quos
452 568 617 650 complexa
647 574 715 652 est;
749 567 857 649 itaque
887 555 1059 633 efferuntur
1087 569 1155 634 fere
1183 568 1313 634 fastidio
1343 574 1377 633 et

340 672 548 752 contumacia,
571 691 631 736 nec
655 672 824 753 quicquam
850 670 1020 756 insipiente
1047 671 1204 737 fortunato
1229 672 1373 738 intolera-

339 773 433 838 bilius
461 773 529 838 fieri
556 781 668 859 potest.
713 775 818 857 Atque
841 774 900 839 hoc
923 774 1049 856 quidem
1071 774 1180 840 videre
1201 775 1285 857 licet,
1304 773 1374 856 eos,

339 877 392 959 qui
419 882 514 941 antea
537 878 710 943 commodis
732 877 849 942 fuerint
871 878 1020 960 moribus,
1043 879 1183 962 imperio,
1206 885 1374 963 potestate,

286 998 319 1044 oo
337 981 496 1064 prosperis
524 982 619 1046 rebus
650 981 807 1045 inmutari.
853 979 937 1057 uuio
970 987 1076 1046 autem
1110 982 1234 1047 stultius
1268 1002 1374 1064 quarn,

337 1103 407 1147 oum
436 1084 604 1166 plurimum
637 1084 745 1168 copiis,
776 1083 987 1168 facultatibus,
1022 1085 1134 1169 opibus
1160 1085 1291 1169 possint,
1326 1105 1374 1149 ee·

336 1193 404 1251 tera
426 1206 557 1271 parare,
592 1207 674 1268 quae
710 1191 862 1271 parantur
895 1187 1047 1271 pecunia,
1081 1206 1196 1269 equos,
1226 1187 1372 1268 famulos,

335 1295 456 1354 vestem
482 1290 652 1374 egregiam,
675 1310 754 1354 vasa
776 1291 922 1374 pretiosa,
945 1290 1063 1356 amicos
1085 1311 1148 1374 non
1170 1310 1293 1374 parare,
1321 1312 1373 1376 op

335 1392 445 1457 limam
476 1400 508 1458 et
538 1392 781 1475 pulcherrimam
811 1394 910 1475 vitae,
939 1400 975 1457 ut
1003 1394 1048 1459 ita
1074 1393 1192 1475 dicam,
1222 1395 1372 1478 supellec-

336 1495 447 1559 tilem?
485 1496 612 1560 Etenim
635 1502 740 1561 cetera
763 1516 832 1561 cum
856 1504 978 1581 parant,
999 1498 1049 1561 cui
1071 1503 1193 1582 parent,
1215 1497 1371 1577 nesciunt,

335 1619 395 1663 nec
422 1599 511 1663 cuius
540 1619 635 1664 causa
656 1599 801 1664 laborent
828 1598 908 1684 (eius
938 1600 1022 1664 enim
1052 1607 1099 1664 est
1128 1600 1258 1665 istorum
1285 1600 1372 1683 quid·

336 1721 407 1785 que,
442 1701 496 1783 qui
529 1702 605 1765 vicit
637 1700 788 1787 viribus),
826 1701 1034 1766 amicitiarum
1069 1722 1127 1767 sua
1164 1703 1276 1784 cuique
1305 1723 1372 1786 per-

335 1813 443 1870 manet
472 1805 594 1870 stabilis
624 1812 656 1870 et
687 1812 772 1870 certa
802 1806 968 1889 possessio,
998 1813 1042 1887 ut,
1073 1805 1196 1870 etiamsi
1225 1805 1279 1869 illa
1309 1827 1371 1870 ma-

335 1915 448 1989 neant,
483 1928 564 1990 quae
599 1916 671 1974 sunt
707 1908 796 1990 quasi
830 1907 914 1973 dona
948 1909 1125 1990 Fortunae,
1159 1915 1267 1972 tamen
1305 1910 1372 1973 vita

334 2010 453 2076 inculta
480 2018 511 2076 et
538 2011 663 2077 deserta
689 2012 730 2076 ab
762 2011 871 2076 amicis
900 2032 964 2076 non
993 2011 1093 2094 possit
1123 2030 1192 2076 esse
1222 2010 1368 2076 iucunda.

283 2196 318 2250 lu
335 2115 398 2180 Sed
420 2115 500 2181 haee
521 2114 683 2180 hactenus.

283 2270 316 2316 56
423 2218 642 2284 Constituendi
664 2225 771 2282 autem
794 2225 877 2299 sunt,
901 2218 955 2299 qui
978 2219 1041 2282 sint
1062 2218 1096 2282 in
1123 2217 1264 2282 amicitia
1289 2217 1369 2282 fines

335 2327 367 2385 et
389 2322 480 2403 quasi
502 2321 627 2385 termini
651 2320 812 2405 diligendi.
837 2323 886 2386 De
909 2321 1022 2402 quibus
1045 2327 1109 2386 tres
1131 2320 1225 2387 video
1248 2327 1370 2385 senten-

334 2424 394 2489 tias
417 2424 502 2504 ferri,
526 2444 657 2505 quarum
680 2424 798 2488 nullam
820 2425 929 2508 prob0,
952 2444 1058 2504 unam,
1081 2429 1117 2486 ut
1140 2423 1251 2488 eodem
1276 2409 1369 2488 modo

336 2547 411 2611 erga
433 2527 569 2592 amicum
591 2527 710 2591 adfecti
738 2528 929 2608 simusque
957 2547 1033 2609 erga
1060 2532 1183 2591 nosmet
1210 2527 1305 2610 ipsos,
1329 2527 1369 2590 al-

334 2638 445 2711 teram,
461 2636 496 2694 ut
510 2636 617 2694 nostra
636 2630 670 2693 in
692 2630 810 2695 amicos
832 2629 1047 2695 benivolentia
1070 2629 1192 2693 illorum
1215 2649 1291 2712 erga
1313 2648 1369 2693 nos

334 2732 569 2800 benivolentiae
595 2731 714 2816 pariter
740 2733 974 2813 aequaliterque
1004 2729 1204 2815 respondeat,
1234 2732 1368 2811 tertiam,

335 2843 379 2917 ut,
408 2837 518 2918 quanti
546 2835 679 2917 quisque
707 2853 741 2898 se
770 2835 838 2917 ipse
869 2835 955 2914 facit,
985 2835 1065 2897 tanti
1093 2833 1149 2897 fiat
1177 2834 1219 2898 ab
1249 2834 1367 2898 amicis.

284 2957 315 3003 si
335 2941 452 3004 Harum
478 2939 571 3003 trium
595 2937 820 3003 sententiarum
843 2938 920 3001 nulli
942 2957 1069 3021 prorsus
1091 2935 1261 3001 adsentior.
1301 2937 1369 3002 Nec

336 3043 419 3108 enim
450 3043 505 3106 illa
535 3043 636 3126 prima
666 3061 743 3105 vera
773 3047 829 3122 est,
852 3047 897 3121 ut,
921 3061 1014 3121 quem
1044 3038 1086 3103 ad
1115 3039 1243 3103 modum
1272 3040 1306 3105 in
1336 3060 1369 3106 se

337 3146 468 3229 quisque
496 3146 545 3226 sit,
574 3146 678 3211 sicin
705 3144 842 3209 amicum
870 3144 910 3209 sit
935 3144 1102 3207 animatus.
1148 3141 1250 3217 Quam
1272 3144 1370 3207 multa

337 3250 431 3329 enim,
460 3269 540 3330 quae
567 3255 673 3314 nostra
700 3268 795 3312 causa
824 3267 996 3327 numquam
1023 3245 1209 3324 faceremus,
1237 3245 1369 3310 facimus

338 3372 434 3417 causa
462 3352 650 3421 amicorum!
686 3351 806 3436 precari
836 3350 877 3413 ab
908 3348 1052 3431 indigno,
1083 3346 1273 3429 supplicare,
1305 3353 1369 3412 tum

336 3454 481 3520 acerbius
516 3454 548 3517 in
582 3455 718 3536 aliquem
752 3452 859 3517 invehi
896 3449 1105 3530 insectarique
1141 3448 1368 3529 vehementius,

338 3578 418 3640 quae
445 3559 479 3622 in
506 3558 620 3621 nostris
645 3557 740 3621 rebus
766 3577 830 3621 non
861 3553 938 3618 satis
966 3552 1108 3630 honeste,
1135 3550 1168 3613 in
1198 3552 1369 3617 amicorum

337 3661 417 3724 fiunt
438 3659 676 3744 honestissime;
700 3660 879 3740 multaeque
902 3676 952 3720 res
975 3659 1057 3733 sunt,
1072 3653 1105 3715 in
1121 3653 1235 3732 quibus
1251 3653 1291 3728 de
1306 3654 1369 3719 suis

338 3763 511 3827 commodis
534 3762 594 3825 viri
617 3762 691 3827 boni
717 3762 816 3827 multa
843 3758 1012 3824 detrahunt
1039 3752 1224 3836 detrahique
1250 3756 1369 3840 patiun-
