3026 4350
287 176 309 241 2
585 191 745 249 LAELIUS
762 193 812 247 DE
829 190 1018 249 AMICITIA.

252 385 269 438 4
374 367 452 434 Cum
476 367 561 433 enim
583 387 677 451 saepe
699 387 822 432 mecum
844 387 965 450 ageres,
982 374 1017 432 ut
1031 366 1071 432 de
1087 369 1227 433 amicitia
1246 370 1319 434 scri-

286 470 395 534 berem
421 470 550 554 aliquid,
575 471 673 555 digna
698 471 775 535 mihi
801 491 852 537 res
880 491 952 536 cum
974 471 1114 536 omnium
1138 472 1319 554 cognitione
1346 463 1349 468 ’

287 578 355 637 tum
377 580 483 639 nostra
504 574 716 640 familiaritate
739 574 808 639 visa
835 581 890 640 est.
936 576 1048 656 Itaque
1070 574 1132 639 feci
1155 594 1215 638 non
1240 574 1319 637 invi-

287 682 338 741 tus
364 684 399 740 ut
420 676 602 761 prodessem
629 676 734 740 multis
757 685 868 761 rogatu
890 683 953 742 tuo.
999 676 1063 743 Sed
1085 677 1174 741 utin
1199 677 1319 741 Catone

287 779 414 861 Maiore,
438 781 492 861 qui
522 787 569 845 est
599 781 734 863 scriptus
762 779 806 844 ad
835 786 866 845 te
895 779 936 846 de
966 786 1137 860 senectute,
1166 779 1318 845 Catonem

287 882 400 947 induxi
426 903 534 948 senem
561 883 784 967 disputantem,
812 884 887 966 quia
912 884 999 948 nulla
1024 882 1192 949 videbatur
1217 881 1319 966 aptior

278 978 431 1071 persona,
455 1007 535 1068 quae
563 985 603 1051 de
629 987 684 1050 illa
705 993 809 1051 aetate
835 984 1022 1070 loqueretur,
1046 1007 1141 1068 quam
1163 986 1240 1066 eius,
1264 985 1317 1067 qui

288 1097 320 1155 et
345 1089 520 1155 diutissime
545 1110 644 1155 senex
670 1089 782 1156 fuisset
809 1091 895 1155 etin
917 1090 988 1175 ipsa
1009 1096 1171 1156 senectute
1194 1094 1319 1173 praeter

288 1199 408 1258 ceteros
433 1193 598 1273 demisset,
622 1194 677 1273 sic,
702 1212 773 1257 cum
795 1193 1026 1278 accepissemus
1048 1213 1069 1258 a
1090 1193 1233 1278 patribus
1255 1211 1319 1254 ma-

288 1297 373 1361 xime
389 1296 624 1361 memorabilem
640 1297 674 1362 C.
691 1296 779 1361 Laeli
802 1304 833 1360 et
848 1297 882 1361 P.
898 1297 1055 1380 Scipionis
1072 1295 1318 1360 familiaritatem

288 1399 395 1481 fuisse,
411 1399 525 1464 idonea
546 1399 622 1464 mibi
644 1400 733 1464 Laeli
755 1420 890 1484 persona
912 1401 982 1464 visa
1005 1408 1061 1481 est,
1078 1420 1159 1483 quae
1181 1398 1221 1463 de
1244 1398 1318 1463 ami-

289 1502 363 1567 citia
385 1522 423 1566 ea
444 1502 515 1586 ipsa
536 1501 713 1583 dissereret,
737 1522 818 1584 quae
841 1503 1002 1588 disputata
1028 1504 1068 1568 ab
1096 1523 1133 1568 eo
1161 1501 1319 1566 meminis·

289 1612 337 1670 set
358 1605 519 1671 Scaevola.
566 1605 674 1670 Genus
700 1612 806 1670 autem
832 1606 892 1670 hoc
919 1626 1098 1671 sermonum
1123 1605 1259 1690 positum
1284 1605 1319 1667 in

288 1708 450 1774 hominum
473 1714 614 1774 vetemm
641 1710 826 1774 auctoritate
853 1716 885 1774 et
912 1731 1018 1775 eorum
1044 1711 1221 1774 inlustrium
1248 1709 1318 1793 plus

289 1812 395 1877 nescio
418 1832 479 1893 quo
501 1818 594 1896 pacto
617 1812 742 1877 videtur
767 1813 885 1878 babere
910 1814 1092 1897 gravitatis3
1122 1814 1229 1894 itaque
1251 1813 1318 1895 ipse

289 1934 360 1978 mea
389 1914 499 1998 legens
527 1915 572 1979 sic
598 1913 728 1978 adficior
750 1915 917 1996 interdum,
940 1923 975 1979 ut
997 1915 1159 1997 Catonem,
1182 1935 1246 1978 non
1267 1934 1318 1977 me

255 2018 374 2099 sloqui
404 2017 590 2082 existimem.
637 2017 701 2082 Sed
732 2024 767 2081 ut
793 2024 859 2081 tum
885 2017 927 2081 ad
953 2037 1061 2082 senem
1088 2038 1187 2082 senex
1211 2016 1250 2080 de
1273 2035 1318 2081 se-

289 2125 425 2201 nectute,
441 2121 487 2185 sic
509 2120 569 2184 boc
591 2121 670 2186 libro
693 2120 733 2183 ad
756 2121 892 2185 amicum
914 2121 1123 2186 amicissimus
1145 2119 1256 2204 scripsi
1278 2119 1318 2182 de

289 2223 435 2289 amicitia.
467 2225 548 2288 Tum
572 2230 619 2289 est
643 2225 720 2289 Oato
743 2225 873 2304 locutus,
897 2244 958 2306 quo
981 2231 1048 2288 erat
1070 2244 1163 2288 nemo
1185 2223 1251 2288 fere
1274 2242 1318 2287 se-

289 2328 359 2396 nior
380 2328 573 2410 temporibus
595 2328 666 2408 illis,
689 2347 782 2393 nemo
804 2327 1003 2412 prudentior,
1031 2348 1117 2392 nunc
1138 2327 1265 2392 Laelius
1288 2333 1319 2391 et

290 2429 417 2514 sapiens
440 2430 499 2515 (sic
522 2431 606 2494 enim
629 2437 677 2495 est
699 2431 839 2516 habitus)
864 2439 896 2496 et
918 2432 1074 2495 amicitiae
1096 2431 1196 2515 gloria
1218 2430 1319 2495 excel·

289 2535 358 2598 lens
381 2533 421 2598 de
443 2533 582 2596 amicitia
604 2534 755 2615 loquetur.
801 2536 850 2598 Τιι
872 2535 968 2599 velim
989 2555 1010 2598 a
1032 2556 1082 2600 me
1104 2535 1245 2598 animum
1267 2554 1319 2616 pa·

290 2656 415 2719 rumpet
436 2642 571 2716 avertas,
595 2637 737 2701 Laelium
759 2638 844 2720 loqui
866 2640 969 2722 ipsum
991 2645 1092 2722 putes.
1128 2638 1161 2702 d.
1179 2637 1320 2701 Fannius

292 2747 323 2804 ot
338 2738 375 2815 Q.
392 2740 512 2804 Mucius
533 2739 575 2803 ad
598 2759 740 2804 socerum
763 2741 895 2805 veniunt
916 2748 987 2825 post
1009 2748 1141 2806 mortem
1163 2740 1319 2823 Africani3

290 2843 331 2907 ab
354 2842 404 2906 his
427 2862 527 2907 sermo
550 2844 655 2923 oritur,
676 2843 844 2928 respondet
866 2845 1001 2926 Laelius,
1018 2846 1106 2911 cuius
1128 2851 1194 2910 tota
1215 2843 1319 2926 dispu-

290 2946 367 3010 tatio
390 2951 438 3010 est
460 2945 500 3011 de
522 2946 671 3027 amicIt-ia,
695 2967 789 3028 quam
811 2948 921 3032 legens
943 2955 975 3013 te
996 2949 1065 3033 ipse
1089 2967 1267 3032 cognosces.

254 3040 273 3161 Ξ
376 3050 524 3114 Firmus.
548 3051 628 3116 Sunt
649 3050 720 3132 ista,
744 3052 846 3137 Laeli;
870 3072 929 3117 nec
952 3053 1037 3116 enim
1058 3052 1168 3117 melior
1190 3052 1238 3117 vir
1260 3051 1320 3115 fuit

291 3153 439 3219 Africano
470 3154 635 3236 quisquam
664 3175 724 3219 nec
754 3155 873 3219 clarior.
920 3154 984 3220 Sed
1014 3154 1195 3219 existimare
1221 3154 1319 3219 debes

292 3257 430 3324 omnium
458 3257 563 3321 oculos
590 3258 623 3321 in
652 3264 683 3322 te
707 3277 776 3324 esse
799 3258 957 3323 coniectos
979 3279 1085 3323 unum.
1131 3260 1176 3322 Te
1199 3257 1326 3342 sapien-¹

292 3369 355 3426 tem
378 3367 411 3425 et
431 3361 593 3445 appellant
616 3367 647 3425 et
670 3362 861 3426 existimant.
906 3362 1118 3427 Tribuebatur
1143 3362 1203 3427 hoc
1227 3360 1319 3426 modo

291 3465 331 3528 M.
349 3463 470 3544 Catoni,
494 3464 609 3529 scimus
629 3466 664 3529 L.
680 3465 815 3530 Acilium
837 3464 923 3549 apud
944 3471 1050 3550 patres
1072 3472 1194 3530 nostros
1216 3465 1320 3549 appel-

291 3569 389 3632 latum
415 3586 484 3631 esse
510 3567 695 3651 sapientem,
723 3567 780 3632 sed
805 3574 936 3651 uterque
961 3569 1023 3634 alio
1050 3567 1186 3651 quodam
1216 3567 1318 3647 modo,

291 3670 419 3750 Acilius,
434 3669 510 3752 quia
531 3669 670 3756 prudens
693 3690 763 3736 esse
784 3671 817 3734 in
840 3671 908 3737 iure
931 3672 1014 3737 civili
1035 3672 1214 3756 putabatur,
1232 3672 1321 3751 Oete,

292 3772 366 3857 quia
391 3772 560 3836 multarum
586 3793 690 3838 rernm
716 3793 807 3839 usum
833 3775 988 3861 habebat3
1019 3775 1117 3839 multa
1143 3774 1211 3841 eius
1233 3782 1266 3841 ot
1287 3775 1320 3839 in
