3026 4350
265 240 288 300 4
565 249 725 307 LAELIUS
742 249 792 305 DE
809 248 995 305 AMICITIA.

269 433 399 491 mortem
421 426 477 491 filii
500 425 586 490 tulit!
619 423 822 488 Memineram
844 423 986 504 Paulum,
1009 422 1150 487 videram
1174 423 1298 504 Galum,

220 548 249 595 10
269 531 326 595 sed
341 530 375 594 bi
389 531 422 593 in
438 529 553 614 pueris,
571 529 649 594 Cato
664 529 696 593 in
720 527 858 612 perfecto
881 533 912 591 et
933 533 1073 610 spectato
1095 528 1171 592 viro.
1196 526 1300 602 Quam

270 634 310 700 cb
333 654 399 699 rem
423 652 501 697 cave
525 632 636 697 Catoni
658 637 832 714 anteponas
853 650 894 694 ne
915 630 1009 694 istum
1032 629 1158 712 quidem
1184 630 1298 713 ipsum,

269 757 363 818 quem
393 735 519 819 Apollo,
551 740 586 798 ut
614 734 676 814 ais,
707 733 971 817 sapientissimum
1005 732 1173 815 iudicavit,
1205 731 1297 795 buius

271 840 355 905 enim
378 839 472 918 facta,
488 838 571 902 illius
594 837 680 902 dicta
700 836 877 900 laudantur.
905 836 955 900 De
976 856 1028 900 me
1049 842 1164 916 autem,
1179 840 1214 899 ut
1234 835 1297 898 iam

269 964 339 1007 cum
361 949 493 1023 utroque
515 943 634 1023 loquar,
658 941 703 1005 sic
725 940 880 1004 habetote.

232 1055 251 1109 a
356 1045 424 1128 Ego
447 1045 473 1108 si
496 1044 652 1128 Scipionis
674 1041 829 1108 desiderio
851 1063 902 1107 me
924 1043 1042 1108 moveri
1064 1062 1188 1126 negem,
1204 1061 1298 1123 quam

268 1149 300 1213 id
331 1153 416 1213 recte
445 1147 560 1212 faciam
589 1145 726 1211 viderint
754 1146 922 1229 sapientes,
949 1144 1007 1210 sed
1041 1152 1126 1210 certe
1153 1145 1296 1209 mentiar.

269 1252 397 1317 Moveor
418 1250 501 1315 euim
524 1249 580 1312 tali
601 1249 702 1314 amico
721 1248 858 1329 orbatus,
874 1248 984 1329 qualis,
998 1254 1035 1313 ut
1048 1249 1190 1329 arbitror,
1205 1266 1297 1312 nemo

268 1374 418 1435 umquam
449 1352 518 1434 erit,
547 1357 582 1415 ut
613 1350 797 1417 confirmare
826 1370 963 1435 possum,
992 1371 1086 1416 nemo
1116 1357 1199 1416 certe
1227 1349 1295 1413 fuit.

269 1455 333 1522 Sed
360 1477 423 1522 non
452 1474 529 1539 egeo
555 1453 730 1537 medicina,
762 1474 813 1519 me
838 1455 906 1537 ipse
933 1455 1083 1534 consolor,
1107 1460 1138 1518 et
1159 1453 1297 1518 maxime

267 1561 320 1625 illo
342 1557 466 1638 solacio,
483 1557 565 1638 quod
588 1576 625 1622 ec
648 1577 750 1622 errore
773 1576 873 1638 careo,
890 1577 951 1638 quo
973 1558 1144 1622 amicorum
1166 1555 1297 1620 decessu

268 1661 410 1746 plerique
433 1661 508 1743 angi
531 1660 640 1725 solent.
664 1659 752 1723 Nihil
773 1659 848 1723 mali
869 1659 1023 1725 accidisse
1045 1659 1183 1755 Scipioni
1205 1663 1295 1743 puto,

269 1762 345 1827 mihi
368 1762 493 1844 accidit,
528 1763 556 1827 si
587 1762 662 1843 quid
693 1762 829 1846 accidit3
864 1763 929 1827 suis
957 1769 1064 1827 autem
1093 1760 1296 1827 incommodis

266 1865 405 1949 graviter
433 1865 509 1949 augi
538 1884 603 1929 nou
632 1864 777 1945 amicum,
801 1864 858 1929 sed
887 1884 921 1930 se
947 1865 1048 1949 ipsum
1076 1861 1212 1929 amantis
1238 1871 1294 1928 est.

220 1980 246 2025 rr
269 1969 345 2032 Cum
372 1968 424 2032 illo
446 1986 522 2031 vero
550 1968 619 2049 quis
646 1973 742 2050 neget
768 1975 872 2032 actum
901 1987 970 2032 esse
996 1968 1180 2053 praeclare?
1225 1967 1293 2030 Nisi

268 2070 361 2150 euim,
385 2068 468 2152 quod
497 2070 549 2134 ille
579 2070 707 2134 minime
737 2072 878 2153 putabat,
904 2071 1157 2135 inmortalitatem
1186 2076 1294 2153 optare

267 2172 372 2253 vellet,
396 2172 471 2255 quid
493 2193 557 2236 non
579 2172 713 2257 adeptus
736 2180 793 2254 est,
817 2173 901 2255 quod
922 2172 1041 2237 homiui
1063 2174 1218 2238 facesset
1243 2193 1294 2255 cp

267 2275 359 2340 tare?
382 2276 435 2356 qui
455 2295 608 2340 summam
629 2295 717 2359 spem
734 2276 859 2357 civium,
875 2297 968 2358 quam
991 2276 1031 2341 de
1054 2297 1091 2342 eo
1112 2277 1176 2341 iam
1197 2295 1293 2360 puero

267 2378 452 2458 habuerant,
481 2379 628 2443 contiuuo
654 2378 839 2445 adulescens
865 2379 1039 2444 incredibili
1066 2379 1179 2444 virtute
1205 2399 1293 2462 supe-

267 2482 358 2560 ravit,
375 2481 427 2562 qui
446 2481 640 2545 consulatum
663 2483 775 2564 petivit
796 2503 976 2564 numquam,
992 2482 1094 2547 factus
1117 2482 1224 2547 consul
1246 2487 1293 2546 est

267 2585 326 2662 bia,
350 2584 485 2666 primum
514 2592 589 2649 aute
618 2591 751 2669 tempus,
774 2587 886 2650 iterum
913 2586 973 2651 sibi
999 2607 1054 2651 suo
1076 2592 1226 2669 tempore,
1247 2586 1292 2649 rei

267 2687 412 2771 publicae
435 2708 536 2771 paene
559 2708 638 2769 sero,
662 2690 714 2770 qui
737 2688 858 2755 duabus
889 2691 1017 2755 urbibus
1048 2690 1165 2754 eversis
1194 2689 1292 2752 iuimi-

267 2791 399 2856 cissimis
421 2790 494 2855 huic
515 2791 646 2873 imperio
669 2812 731 2856 non
753 2792 846 2856 modo
868 2792 1055 2876 praeseutia,
1071 2812 1179 2856 verum
1198 2792 1291 2856 etiam

266 2894 370 2958 futura
392 2894 475 2958 bella
497 2893 622 2958 delevit.
669 2893 752 2970 Quid
775 2895 877 2960 dicam
900 2896 940 2961 de
965 2896 1103 2961 moribus
1125 2894 1291 2975 facillimis,

265 2995 306 3062 de
328 2997 445 3081 pietate
467 2997 500 3062 in
523 3005 663 3078 matrem,
684 2999 869 3062 liberalitate
891 3000 924 3063 iu
947 3019 1077 3079 sorores,
1096 2999 1236 3063 bonitate
1258 2998 1290 3061 iu

265 3119 348 3180 suos,
372 3099 490 3164 iustitia
512 3101 545 3164 iu
568 3102 700 3165 omues?
731 3102 815 3165 Nota
837 3109 909 3166 sunt
932 3103 1031 3167 vobis.
1063 3099 1164 3176 Quam
1186 3108 1290 3164 autem

265 3202 385 3266 civitati
408 3222 497 3267 carus
520 3203 623 3283 fuerit,
639 3224 779 3268 maerore
794 3204 912 3268 funeris
934 3204 1105 3268 iudicatum
1129 3210 1184 3268 est.
1209 3202 1289 3278 Quid

265 3305 360 3388 igitur
374 3305 458 3370 huuc
472 3327 643 3388 paucorum
657 3327 810 3371 annorum
834 3309 971 3372 accessio
994 3309 1101 3372 iuvare
1116 3307 1289 3391 potuisset?

265 3408 418 3473 Senectus
449 3409 532 3472 enim
563 3411 707 3490 quamvis
739 3431 800 3474 non
828 3412 868 3475 sit
889 3412 1004 3493 gravis,
1027 3417 1062 3476 ut
1083 3411 1212 3475 memini
1234 3410 1288 3475 Ca-

266 3517 370 3574 tonem
400 3532 483 3576 auno
513 3518 596 3592 ante,
628 3534 721 3594 quam
752 3520 799 3578 est
828 3521 976 3593 mortuus,
1006 3534 1128 3578 mecum
1159 3521 1190 3577 et
1220 3533 1289 3576 cum

266 3614 411 3696 Scipione
434 3614 596 3694 disserere,
613 3621 718 3680 tamen
741 3617 843 3681 aufert
866 3637 936 3680 eanr
959 3617 1156 3696 viriditatem,
1172 3616 1206 3679 iu
1229 3636 1289 3697 qua

221 3730 246 3775 m
266 3718 359 3779 etiam
382 3737 466 3780 nrnc
488 3725 554 3781 erat
569 3718 682 3800 Scipio.
707 3716 808 3793 Quam
831 3720 870 3784 ob
894 3741 959 3783 rcm
983 3721 1048 3782 vita
1070 3718 1196 3801 quidem
1219 3718 1288 3783 talis

265 3818 325 3881 fuit
353 3819 405 3883 vel
433 3819 558 3882 fortuna
588 3820 638 3883 vel
670 3821 783 3903 gloria,
813 3828 847 3885 ut
880 3822 958 3885 nibil
991 3829 1097 3904 posset
1128 3820 1288 3903 accedere,
