3026 4350
482 236 573 304 ,one
586 238 696 292 rr-aa.
715 237 846 301 sia-sc
1142 216 1185 282 29

159 429 273 490 comcs,
301 415 342 492 ut,
366 409 513 494 quoniam
543 410 681 475 solitaria
710 430 775 474 non
803 414 910 494 posset
939 407 1037 473 virtus
1065 406 1107 473 ad
1137 428 1184 490 ea,

159 534 240 598 quae
260 534 382 580 summa
399 520 482 595 sunt,
499 513 674 598 pervenire,
690 513 857 578 coniuncta
876 519 907 578 et
922 511 1100 578 consociata
1114 531 1186 576 cum

158 618 259 683 altera
288 617 474 701 perueniret.
521 615 611 694 Quae
637 616 665 681 si
691 636 770 698 quos
795 616 877 680 inter
903 615 1037 682 societas
1061 620 1117 679 aut
1138 621 1186 680 est

158 726 213 786 aut
235 720 295 784 fuit
316 725 371 783 aut
393 720 497 785 lutura
515 724 572 800 est,
589 739 697 784 eorum
711 725 759 785 est
781 716 946 784 habendus
967 717 1009 782 ad
1031 737 1185 782 summum

159 830 291 889 naturae
312 822 431 887 bonum
451 823 588 906 optimus
609 822 871 902 beatissimusque
894 821 1067 887 comitatus.
1098 821 1187 884 Haec
1203 828 1238 878 84

159 933 217 1007 est,
239 926 379 1009 inquam,
402 925 544 1006 societas,
567 925 600 989 in
622 945 685 1006 qua
706 924 813 990 omnia
830 924 948 1005 insunt,
971 943 1053 1006 quae
1075 928 1188 1008 putant

158 1029 303 1097 homines
329 1027 517 1112 expetenda,
539 1026 699 1109 honestas,
722 1027 831 1112 gloria,
854 1027 1064 1110 tranquillitas
1089 1026 1186 1091 animi

157 1138 254 1215 atque
280 1130 468 1211 iucunditas,
490 1137 525 1195 ut
552 1137 584 1196 et
610 1150 681 1195 oum
707 1130 787 1195 haec
812 1128 919 1194 adsint
943 1131 1038 1195 beata
1059 1129 1125 1193 vita
1146 1129 1187 1194 sit

158 1243 191 1301 et
212 1236 282 1301 sine
304 1235 353 1299 his
376 1253 446 1300 esse
468 1254 531 1299 non
558 1234 664 1319 possit.
711 1232 801 1310 Quod
824 1254 896 1299 cum
917 1233 1067 1317 optimum
1089 1233 1187 1297 mari·

158 1358 308 1421 mumque
329 1338 380 1418 sit,
403 1338 430 1403 si
452 1336 487 1402 id
508 1339 651 1404 volumus
672 1336 816 1422 adipisci,
836 1338 942 1402 virtuti
964 1357 1061 1421 opera
1081 1334 1187 1400 danda

159 1448 216 1523 est,
239 1442 309 1508 sine
335 1461 397 1524 qua
424 1460 483 1506 nec
509 1441 678 1506 amicitiam
705 1459 808 1522 neque
833 1440 929 1505 ullam
951 1461 1017 1505 rem
1040 1444 1188 1524 expeten-

158 1545 231 1610 dam
260 1545 410 1627 consequi
436 1565 618 1630 possumus3
650 1564 688 1610 ea
709 1565 784 1611 vero
811 1545 956 1628 neglecta
978 1544 1031 1626 qui
1057 1564 1092 1610 se
1112 1544 1187 1608 ami-

158 1669 212 1715 cos
233 1649 351 1714 habere
372 1649 574 1729 arbitrantur,
590 1654 656 1714 tum
678 1668 713 1714 se
735 1647 871 1730 denique
894 1668 1015 1713 errasse
1037 1648 1186 1729 sentiunt,

158 1773 229 1818 oum
259 1772 313 1818 eos
342 1752 449 1836 gravis
478 1751 592 1835 aliquis
622 1771 713 1818 casus
740 1751 875 1835 experiri
898 1751 989 1836 cogit.
1035 1749 1187 1828 Quocirca
1205 1755 1237 1804 85

159 1854 340 1941 (dicendum
374 1861 423 1921 est
455 1857 540 1920 enim
574 1856 729 1940 saepius),
760 1875 831 1920 cum
863 1853 1026 1937 iudicaris,
1055 1854 1186 1939 diligere

157 1966 289 2045 oportet,
312 1980 386 2042 non,
408 1980 479 2024 cum
503 1958 660 2043 dilexeris,
683 1958 831 2025 iudicare.

244 2062 308 2130 Sed
330 2083 402 2128 cum
425 2063 530 2128 multis
551 2063 585 2127 in
604 2063 698 2128 rebus
712 2063 915 2148 neglegentia
930 2063 1104 2147 plectimur,
1120 2068 1187 2127 tum

157 2167 295 2231 ,nanime
315 2166 349 2230 in
367 2166 477 2231 amicis
500 2172 531 2231 et
554 2164 724 2249 diligendis
747 2172 779 2230 et
801 2164 956 2249 colendis3
979 2166 1188 2251 praeposteris

158 2269 242 2334 enim
264 2270 379 2333 utimur
402 2268 540 2334 consiliis
563 2276 595 2333 et
616 2274 689 2333 acta
709 2268 844 2352 agimus,
866 2266 949 2351 quod
971 2274 1115 2333 vetamur
1137 2288 1187 2333 ve·

157 2380 223 2437 tere
238 2372 418 2457 proverbio
440 2373 525 2437 Nam
547 2371 698 2456 implicati
720 2372 800 2437 ultro
822 2376 854 2437 et
876 2372 953 2436 citro
967 2371 1019 2436 vel
1041 2391 1101 2437 usu
1122 2371 1188 2437 diu-

157 2481 249 2540 turno
264 2475 316 2541 vel
331 2475 427 2540 etiam
449 2474 562 2540 officiis
584 2482 714 2559 repente
736 2475 770 2540 in
792 2473 896 2540 medio
919 2494 1011 2539 cursu
1034 2475 1187 2540 amicitias

158 2584 268 2643 exorta
290 2578 396 2660 aliqua
418 2578 591 2644 offensione
614 2578 845 2662 disrumpimus.
877 2576 946 2654 Quo
968 2578 1064 2643 etiam
1086 2578 1187 2662 magis
1201 2542 1239 2665 ἒξ

157 2679 367 2764 vituperanda
397 2687 445 2746 est
473 2680 520 2746 rei
548 2681 687 2745 maxime
719 2682 916 2746 necessariae
943 2687 1032 2745 tanta
1056 2681 1186 2746 incuria.

156 2784 230 2850 Una
256 2791 304 2849 est
331 2784 415 2849 enim
442 2784 581 2848 amicitia
607 2784 639 2848 in
665 2786 759 2850 rebus
781 2783 936 2865 humanis,
960 2783 1000 2848 de
1023 2784 1110 2849 cuius
1131 2785 1189 2848 uti·
1223 2856 1227 2864 ,

156 2887 244 2952 litate
271 2906 381 2953 omnes
410 2908 470 2953 uno
497 2908 550 2952 ore
578 2889 786 2968 consentiunt,
814 2908 1005 2970 quamquam
1034 2907 1054 2952 a
1083 2888 1189 2952 multis

157 2989 256 3055 virtus
271 2989 341 3074 ipsa
356 2990 565 3054 contemnitur
580 2997 612 3055 et
623 2990 797 3056 venditatio
809 2990 964 3072 quaedam
979 2997 1074 3073 atque
1089 2997 1189 3056 osten-

157 3091 235 3157 tatio
262 3111 333 3158 esse
360 3092 482 3173 dicitur,
505 3094 595 3158 multi
623 3092 749 3159 divitias
776 3093 964 3179 despiciunt,
986 3113 1065 3177 quos
1091 3114 1189 3179 parvo

157 3201 322 3260 contentos
343 3197 447 3262 tenuis
470 3195 571 3261 victus
595 3197 757 3278 cultusque
780 3194 924 3277 delectat,
946 3196 1082 3262 honores
1104 3217 1188 3277 vero,

157 3318 288 3379 quorum
312 3298 484 3383 cupiditate
507 3299 634 3381 quidam
658 3300 900 3381 inflammantur,
917 3320 1011 3382 quam
1034 3300 1123 3366 multi
1145 3301 1189 3364 ita

158 3407 373 3483 contemnunt,
389 3409 423 3466 ut
438 3402 517 3467 nihil
531 3403 666 3484 inanius,
683 3403 761 3468 nihil
783 3423 852 3469 esse
874 3404 975 3469 levius
998 3404 1187 3469 existiment.

122 3525 124 3531 ’
156 3505 300 3587 Itemque
327 3512 445 3588 cetera,
474 3526 555 3587 quae
582 3506 770 3589 quibusdam
806 3507 1003 3572 admirabilia
1032 3507 1188 3588 videntur,

156 3607 304 3691 permulti
331 3615 404 3674 sunt
430 3610 485 3692 qui
511 3629 567 3694 pro
593 3610 691 3677 nihilo
713 3619 834 3696 putent,
858 3610 897 3676 de
920 3611 1059 3676 amicitia
1080 3631 1190 3676 omnes

155 3708 199 3774 ad
225 3731 324 3779 unum
351 3709 435 3776 idem
463 3713 612 3795 sentiunt,
637 3714 722 3796 etii,
745 3715 800 3797 qui
821 3714 863 3779 ad
885 3735 953 3780 rem
975 3714 1133 3799 publicam
1155 3735 1190 3779 se

157 3814 366 3895 contulerunt,
389 3820 421 3880 et
448 3816 481 3897 ii,
504 3816 558 3899 qui
584 3836 687 3881 rerum
711 3818 890 3902 cognitione
914 3817 1117 3900 doctrinaque
1131 3816 1190 3889 ,de-

205 3956 300 4012 Cicer0‚
312 3958 410 4002 Laelius
424 3959 455 4002 dc
468 3956 583 4001 amicitia
611 3956 686 4010 (Gem.
700 3958 790 4013 dung),
1120 3950 1136 4001 4
