3026 4350
599 269 680 325 cnr.
696 274 718 339 1,
731 274 754 326 n.
773 273 876 335 sr-s.
1232 252 1252 323 3

222 453 333 513 senatu
359 451 391 511 et
416 446 449 510 in
476 444 543 511 foro
569 444 620 510 vel
646 445 772 528 provisa
801 445 972 528 prudenter
1000 449 1053 513 vel
1081 455 1153 513 acta
1182 469 1252 514 oon-

222 556 341 615 stanter
367 550 419 614 vel
445 567 597 633 responsa
622 554 715 613 acute
740 547 939 634 ferebantur,
969 559 1136 636 propterea
1163 552 1252 634 quasi

222 672 395 738 cognomen
417 654 481 717 iam
503 651 641 715 habebat
663 652 697 715 in
715 659 878 718 senectute
897 654 1058 737 sapientis.
1086 657 1132 720 Te
1147 662 1286 722 autemr

221 758 282 822 alio
305 755 442 838 quodam
464 754 557 820 modo
579 775 643 820 non
665 755 766 820 solum
788 762 900 820 natura
922 764 953 821 et
975 759 1123 839 moribus,
1142 778 1252 823 verum

222 861 317 924 etiam
344 858 447 924 studio
475 866 505 923 et
533 857 676 924 doctrina
703 878 773 924 esse
795 860 981 944 sapientem,
1004 882 1063 927 nec
1086 862 1166 926 sicut
1189 862 1252 926 vul-

221 983 290 1047 gus
315 962 371 1027 sed
396 969 431 1027 ut
458 962 571 1028 eruditi
598 962 700 1027 solent
729 964 889 1047 appellare
919 965 1105 1048 sapientem,
1129 967 1252 1047 qualem

221 1067 254 1130 in
276 1067 397 1148 reliqua
419 1065 553 1132 Graecia
575 1065 733 1131 neminem
756 1066 843 1151 (nam
866 1069 919 1150 qui
946 1076 1068 1152 septem
1094 1070 1252 1153 appellan-

221 1175 280 1251 tur,
304 1191 358 1236 eos
384 1171 438 1252 qui
462 1171 524 1234 ista
549 1170 694 1234 subtilius
726 1178 880 1252 quaerunt
909 1171 943 1235 in
972 1192 1101 1238 numero
1132 1173 1252 1257 sapien·

221 1274 300 1337 tium
329 1295 393 1339 non
427 1273 574 1358 habent),
608 1273 742 1337 Athenis
776 1295 872 1338 unum
906 1276 1085 1360 accepimus
1116 1282 1147 1340 et
1181 1296 1252 1340 eum

221 1375 349 1458 quidem
378 1377 472 1443 etiam
498 1377 654 1461 Apollinis
684 1378 809 1443 oraculo
841 1379 1106 1462 sapientissimum
1137 1380 1253 1444 iudica-

220 1486 304 1564 tnm,
335 1479 418 1545 hanc
444 1499 514 1545 esse
539 1480 574 1544 in
600 1486 632 1545 te
658 1480 847 1564 sapientiam
874 1481 1066 1563 existimant,
1090 1488 1124 1547 ιιι
1147 1484 1253 1548 omnia

221 1590 275 1648 tua
296 1583 331 1648 in
353 1590 384 1648 te
410 1584 513 1668 posita
540 1604 611 1650 esse
640 1582 739 1650 ducas
769 1585 986 1668 humanosque
1016 1606 1107 1652 casus
1137 1587 1252 1651 virtute

219 1687 384 1753 inferiores
405 1693 506 1771 putes.
551 1688 664 1770 Itaque
687 1707 727 1752 ex
750 1708 800 1752 me
825 1695 988 1771 quaerunt,
1013 1688 1106 1755 credo
1129 1709 1169 1754 ex
1192 1690 1252 1755 hoc

220 1791 295 1854 item
308 1791 471 1872 Scaevola,
484 1811 621 1873 quonam
636 1798 728 1875 pacto
743 1796 875 1856 mortem
888 1792 1031 1857 Africani
1046 1793 1140 1874 feras,
1153 1813 1251 1876 eoque

220 1895 331 1979 magis,
361 1894 445 1977 quod
474 1895 626 1979 proximis
655 1895 765 1976 Nonis,
796 1914 865 1959 cum
899 1896 932 1963 in
962 1895 1070 1962 hortos
1099 1897 1138 1961 D.
1163 1896 1251 1961 Bruti

219 1999 347 2083 auguris
376 1997 608 2063 commentandi
635 2018 740 2079 causa,
767 2004 802 2062 ιιι
831 1997 961 2079 adsolet,
985 2000 1190 2081 venissemus,
1217 2006 1251 2065 tu

219 2123 282 2166 non
312 2101 452 2182 adfuisti,
483 2101 536 2183 qui
566 2099 807 2184 diligentissime
836 2120 960 2185 semper
989 2101 1075 2166 illum
1105 2101 1190 2167 diem
1220 2109 1252 2168 et

219 2204 295 2270 illud
317 2226 431 2270 munus
455 2205 564 2269 solitus
588 2224 675 2269 esses
697 2205 793 2269 obire.

304 2308 478 2373 Scnsvocr.
507 2306 669 2385 Quaerunt
691 2306 828 2389 quidem,
853 2308 886 2374 O.
903 2309 1001 2388 Laeli,
1025 2309 1124 2390 multi,
1147 2315 1182 2373 ut
1204 2316 1251 2375 est
1269 2327 1285 2375 8

218 2435 238 2479 a
263 2413 386 2478 Fannio
412 2413 540 2493 dictum,
564 2410 620 2477 sed
647 2432 706 2495 ego
731 2410 766 2475 id
791 2411 975 2496 respondeo,
1000 2412 1084 2495 quod
1110 2413 1249 2478 animum

218 2516 350 2599 adverti,
366 2523 397 2581 te
415 2515 564 2599 dolorem,
582 2536 675 2597 quem
690 2515 850 2599 acceperis
873 2536 944 2581 cum
966 2517 1079 2582 summi
1102 2517 1161 2582 viri
1184 2525 1250 2582 turn

218 2621 399 2687 amicissimi
422 2626 531 2701 morte,
554 2620 636 2684 ferre
658 2617 819 2684 moderate
841 2640 900 2685 nec
923 2621 1063 2704 potuisse
1085 2641 1147 2685 non
1170 2642 1250 2686 com-

217 2726 334 2790 moveri
358 2745 417 2789 neo
438 2725 537 2789 fuisse
560 2723 591 2788 id
614 2723 819 2789 humanitatis
842 2731 931 2809 tuae;
956 2724 1039 2807 quod
1060 2731 1166 2789 autem
1189 2727 1249 2791 No-

217 2831 266 2894 nis
289 2829 322 2893 in
345 2829 477 2912 collegio
500 2834 604 2893 nostro
627 2848 690 2892 non
712 2827 878 2909 adiuvisses,
895 2828 1109 2894 valetudinem
1124 2849 1250 2913 respon-

217 2932 277 2998 deo
299 2953 436 3012 causam,
459 2953 522 2997 non
546 2931 736 2996 maestitiam
759 2932 865 2996 fuisso.

302 3038 449 3101 Lnnnms.
484 3037 582 3101 Recte
608 3042 642 3099 tu
669 3034 805 3118 quidem,
829 3036 991 3117 Scaevola,
1014 3042 1046 3101 et
1068 3057 1160 3120 vere3
1190 3058 1249 3102 nec

217 3140 301 3205 enim
327 3140 368 3204 ab
395 3140 455 3203 isto
481 3138 595 3219 officio,
624 3138 707 3221 quod
733 3158 857 3222 semper
882 3139 1042 3223 usurpavi,
1070 3160 1141 3203 cum
1167 3141 1249 3204 vale-

217 3264 292 3324 rem,
316 3241 432 3308 abduci
459 3241 656 3307 incommodo
683 3261 753 3306 meo
776 3241 881 3322 debui,
905 3263 964 3307 nec
986 3243 1049 3307 ullo
1073 3263 1146 3307 casu
1169 3243 1249 3308 arbi-

216 3354 280 3412 tror
300 3346 361 3411 hoc
383 3346 538 3411 constanti
561 3345 681 3409 homini
699 3365 792 3428 posse
813 3346 1005 3429 contingere,
1022 3352 1056 3410 ut
1074 3346 1138 3409 ulla
1157 3346 1248 3411 inter-

216 3450 322 3514 missio
343 3448 399 3513 fiat
422 3448 527 3513 officii.
572 3450 621 3512 Tu
643 3454 759 3529 autem,
783 3449 896 3529 Fanni,
920 3448 1003 3530 quod
1026 3449 1102 3512 milri
1126 3456 1281 3514 tantuma

216 3553 310 3617 tribui
334 3551 421 3632 dicis,
439 3558 589 3634 quantum
613 3572 673 3634 ego
697 3571 756 3616 nec
778 3572 916 3633 agnosco
940 3572 998 3617 nec
1021 3554 1153 3637 postulo,
1170 3553 1248 3619 facis

215 3656 332 3738 amice,
363 3654 429 3738 sed,
457 3661 491 3718 ut
516 3654 594 3718 mihi
621 3654 747 3736 videris,
774 3676 838 3719 non
868 3661 952 3719 recte
979 3654 1100 3721 iudicas
1130 3655 1169 3720 de
1193 3657 1248 3722 Ca-

215 3766 305 3841 tone,
329 3765 383 3822 ant
406 3758 490 3822 enim
512 3777 616 3839 nemo,
635 3758 720 3840 qnod
742 3758 869 3840 quidem
892 3758 995 3841 magis
1015 3758 1118 3840 credo,
1137 3766 1202 3840 aut,
1221 3760 1247 3824 si

215 3862 390 3945 quisquam,
414 3862 465 3926 ille
489 3861 616 3945 sapiens
638 3861 705 3925 fuit.
735 3859 804 3937 Quo
826 3861 929 3944 modo,
953 3868 988 3927 ut
1010 3863 1073 3926 alia
1095 3862 1246 3943 omittam,
