3026 4350
510 298 591 354 CAP.
604 302 645 367 26,
658 301 699 354 27.
719 299 872 363 §oo-104.
1157 284 1199 347 35

170 496 269 560 quam
296 495 315 540 e
342 473 519 538 carceribus
546 470 678 536 emissus
705 470 757 551 sis,
781 489 851 534 oum
877 469 977 536 isdem
1003 468 1043 534 ad
1071 469 1198 552 calcem,

170 585 209 643 ut
224 577 348 657 dicitur,
363 575 537 660 pervenire.
568 572 632 640 Sed
655 573 802 653 quoniam
822 592 873 637 res
894 571 1050 638 humanae
1071 572 1199 655 fragiles

173 678 378 759 caducaeque
406 682 488 757 sunt,
519 694 643 759 semper
670 674 766 757 aliqui
795 674 981 756 anquirendi
1011 680 1094 755 sunt,
1121 694 1199 756 quos
1218 686 1266 735 toa

173 781 344 863 diligamus
367 783 398 843 et
418 799 440 843 a
461 778 575 860 quibus
596 776 778 861 diligamur3
809 778 938 841 caritate
966 777 1049 842 enim
1073 777 1199 842 benivo

174 884 335 965 lentiaque
362 881 486 946 sublata
513 879 613 946 omnis
640 885 688 945 est
720 899 737 943 e
766 879 832 944 vita
861 879 984 944 sublata
1012 879 1198 944 iucunditas.

174 984 253 1050 Mihi
275 983 401 1067 quidem
424 982 528 1067 Scipio
551 1002 739 1064 quamquam
762 989 810 1047 est
836 982 939 1047 subito
965 987 1099 1065 ereptus,
1120 981 1200 1046 vivit

176 1094 283 1151 tamen
298 1106 483 1170 semperque
498 1085 602 1170 rivet,
625 1084 771 1149 virtutem
795 1083 878 1148 enim
899 1084 1004 1148 amavi
1026 1084 1108 1149 illius
1129 1083 1198 1166 viri,

176 1210 257 1272 quae
280 1189 421 1253 extincta
443 1209 504 1252 non
529 1193 592 1271 est;
615 1206 674 1251 nee
695 1187 772 1251 mihi
794 1187 851 1253 soli
873 1192 1014 1252 versatur
1035 1207 1109 1252 anre
1131 1206 1200 1251 ocu·

175 1290 232 1372 los,
256 1293 309 1374 qui
335 1292 422 1355 illam
444 1310 568 1375 semper
588 1290 621 1354 in
649 1290 794 1354 manibus
816 1288 922 1371 habui,
945 1288 1002 1354 sed
1028 1289 1123 1354 etiam
1148 1309 1201 1373 po

177 1395 267 1460 steris
294 1395 352 1459 erit
379 1393 463 1459 clara
488 1400 520 1458 et
540 1393 682 1476 insignis.
726 1393 828 1457 Nemo
850 1412 999 1474 umquam
1020 1392 1124 1458 animo
1147 1397 1201 1456 aut

176 1517 232 1581 spe
259 1497 378 1562 maiora
404 1496 563 1580 suscipiet,
587 1496 640 1578 qui
667 1494 727 1562 sibi
753 1516 815 1560 non
841 1496 925 1560 illius
950 1494 1133 1560 memoriam
1157 1501 1201 1558 at·

176 1619 237 1682 que
259 1600 430 1682 imaginem
452 1597 688 1683 proponendam
709 1603 806 1682 putet.
829 1597 984 1679 Equidem
999 1617 1040 1663 ex
1055 1597 1200 1662 omnibus
1219 1607 1268 1656 103

176 1703 279 1782 rebus,
306 1721 385 1784 quas
411 1700 488 1764 mibi
516 1707 572 1765 aut
600 1702 725 1766 fortuna
753 1706 809 1765 aut
837 1707 950 1765 natura
979 1699 1095 1780 tribuit,
1123 1699 1201 1763 nihil

176 1803 287 1885 babeo,
310 1802 486 1886 quodcum
514 1803 653 1868 amicitia
675 1803 829 1887 Scipionis
855 1802 971 1886 possim
999 1821 1199 1886 comparare3

176 1906 209 1970 in
231 1906 290 1971 hac
312 1906 389 1970 mihi
412 1905 452 1970 de
473 1926 507 1971 re
530 1906 656 1990 publica
678 1925 857 1985 consensus,
873 1905 906 1968 in
928 1904 988 1968 hac
1014 1924 1118 1997 rernm
1142 1904 1202 1987 pri·

177 2016 318 2073 ratarum
342 2007 515 2089 consilium,
534 2009 568 2072 in
590 2007 702 2073 eadem
724 2007 847 2090 requies
869 2007 964 2090 plena
985 2006 1201 2071 oblectationis

176 2110 244 2175 fuit.
267 2111 448 2192 Numquam
469 2111 556 2174 illum
578 2130 619 2175 ne
640 2110 771 2173 minima
785 2108 911 2193 quidem
926 2128 960 2173 re
975 2107 1102 2188 offendi,
1119 2107 1200 2189 quod

177 2212 302 2296 quidem
330 2213 492 2294 senserim,
515 2212 593 2277 nibil
614 2212 723 2276 audivi
745 2233 785 2276 ex
809 2231 846 2277 eo
867 2212 945 2294 ipse,
969 2211 1053 2293 quod
1075 2212 1200 2275 nollem.

177 2316 249 2382 Una
278 2315 389 2380 domus
419 2322 494 2394 erat,
521 2314 605 2380 idem
631 2315 743 2395 victus,
773 2314 861 2396 isque
888 2313 1071 2395 communis,
1099 2332 1202 2395 neque

178 2419 276 2483 solum
297 2417 418 2498 militia,
439 2417 495 2483 sed
517 2417 613 2482 etiam
634 2417 901 2500 peregrinationes
923 2416 1202 2497 rusticationesque

178 2539 367 2585 communes.
390 2520 473 2584 Nam
495 2518 570 2601 quid
593 2539 651 2603 ego
674 2518 713 2584 de
736 2518 846 2583 studiis
868 2517 971 2582 dicam
994 2519 1203 2602 cognoscendi
1222 2529 1271 2578 104

176 2642 299 2706 semper
319 2621 437 2703 aliquid
458 2628 552 2703 atque
574 2620 725 2701 discendi,
741 2621 774 2685 in
797 2621 909 2702 quibus
930 2622 1041 2685 remoti
1062 2621 1103 2686 ab
1126 2641 1195 2685 ocu·
1245 2624 1246 2627 ’

175 2725 213 2789 lis
234 2723 342 2808 populi
363 2744 455 2789 omne
481 2724 613 2789 otiosum
640 2731 763 2806 tempus
790 2722 1015 2788 contrivimus?
1061 2720 1198 2797 Quarum

175 2847 277 2891 rerum
298 2826 471 2891 recordatio
494 2832 525 2890 et
546 2826 696 2891 memoria
717 2825 744 2890 si
766 2844 921 2912 unacum
946 2824 998 2889 illo
1020 2824 1194 2907 occidisset,

176 2928 365 2995 desiderium
396 2928 640 2993 coniunctissimi
669 2933 764 3009 atque
796 2926 1001 2990 amantissimi
1031 2925 1090 2991 riri
1119 2926 1202 2992 ierre

176 3031 260 3095 nullo
281 3022 373 3096 modo
397 3050 531 3114 possem.
570 3030 634 3095 Sed
656 3050 715 3094 neo
736 3029 790 3092 illa
812 3029 951 3093 extincta
972 3034 1045 3092 sunt
1066 3029 1202 3093 aluntur·

178 3153 238 3215 que
260 3132 362 3217 potius
385 3139 416 3197 et
438 3139 593 3215 augentur
615 3131 803 3215 cogitatione
824 3137 856 3195 et
881 3131 1030 3195 memoria
1056 3151 1137 3212 mea,
1160 3139 1201 3211 et,

178 3236 204 3300 si
226 3234 287 3300 illis
308 3236 403 3318 plane
425 3236 552 3300 orbatus
575 3255 686 3316 essem,
701 3254 851 3318 magnum
873 3240 979 3297 tamen
1001 3232 1104 3298 adfert
1126 3233 1203 3297 mihi

177 3344 265 3402 aetas
286 3337 356 3421 ipsa
378 3338 537 3402 solacium.
571 3338 697 3402 Diutius
720 3337 801 3401 enim
824 3336 943 3400 iamin
965 3337 1025 3400 hoc
1047 3335 1202 3401 desiderio

179 3458 248 3504 esse
274 3460 337 3504 non
359 3460 496 3523 possum.
542 3440 656 3505 Omnia
677 3446 782 3504 autem
804 3438 914 3504 brevia
936 3437 1109 3502 tolerabilia
1133 3458 1203 3503 esse

179 3539 305 3622 debent,
329 3541 452 3607 etiamsi
473 3563 591 3626 magna
612 3550 692 3607 sunt.

265 3645 353 3709 Haec
379 3646 476 3710 habui
503 3645 542 3710 de
564 3646 702 3710 amicitia
725 3666 806 3728 quac
826 3645 972 3710 dicerem.
1011 3645 1076 3710 Vos
1097 3651 1203 3709 autem

180 3746 293 3829 hortor,
309 3754 343 3812 ut
358 3748 403 3812 ita
418 3750 564 3813 virtutem
579 3750 697 3829 locetis,
714 3750 782 3814 sine
804 3769 867 3831 qua
889 3747 1027 3813 amicitia
1049 3768 1118 3813 esse
1139 3768 1202 3812 non

181 3855 293 3932 potest,
309 3857 343 3913 ut
362 3870 401 3914 ea
420 3860 555 3936 excepta
576 3851 655 3914 nihil
677 3851 815 3915 amicitia
837 3851 1055 3936 praestabilius
1077 3849 1201 3935 putetis
