3026 4350
520 214 692 271 oues-r.
710 218 849 281 suo-24.
1175 203 1196 267 9

164 392 303 457 amicitia
324 411 375 457 res
396 389 548 473 plurimas
571 388 719 453 continet.
744 386 877 470 Quoquo
899 395 931 454 te
953 392 1094 472 verteris,
1109 412 1197 476 prae

165 501 212 559 sto
243 501 299 574 est,
330 494 414 559 nullo
444 494 512 558 loco
542 491 729 573 excluditur,
760 513 930 576 numquam
964 494 1196 579 intempestiva,

165 617 334 678 numquam
364 596 497 661 molesta
526 601 590 678 est3
621 594 729 676 itaque
759 615 823 660 non
853 616 946 678 aqua,
969 617 1032 661 non
1063 598 1140 682 igni,
1162 605 1197 664 ut

164 699 261 779 aiunt,
285 700 361 764 locis
388 698 531 783 pluribus
553 697 670 762 utimur
692 717 786 780 quam
808 699 956 764 amicitia.
1002 700 1114 782 Neque
1137 721 1196 785 ego

164 823 248 867 nunc
274 802 314 868 de
340 802 464 886 vulgari
490 808 545 865 aut
572 800 612 866 de
638 800 799 882 mediocri,
827 823 909 884 quae
935 810 1043 868 tamen
1069 805 1139 888 ipsa
1166 812 1197 870 et

164 904 299 971 delectat
321 912 352 970 et
374 905 511 990 prodest,
531 903 588 969 sed
611 904 650 969 de
673 925 750 970 vera
772 911 804 970 et
825 904 967 990 perfecta
988 907 1106 989 loquor,
1122 928 1195 990 qua-

164 1009 201 1072 lis
224 1028 340 1089 eorum,
357 1009 411 1090 qui
432 1009 526 1092 pauci
547 1008 759 1089 nominantur,
779 1008 847 1073 fuit.
879 1010 963 1073 Nam
986 1015 1017 1074 ct
1039 1009 1195 1075 secundas

163 1131 213 1177 res
229 1111 458 1196 splendidiores
473 1112 550 1176 facit
564 1110 705 1176 amicitia
723 1118 754 1176 et
776 1111 927 1177 adversas
950 1112 1090 1196 partiens
1113 1133 1194 1178 corn·

116 1262 123 1282 r
163 1216 389 1297 municansque
423 1215 564 1280 leviores.
619 1214 760 1297 Cumque
794 1215 945 1299 plurimas
979 1222 1011 1280 et
1039 1217 1195 1283 maximas

163 1318 399 1383 commoditates
421 1317 560 1382 amicitia
582 1318 751 1398 contineat,
775 1324 840 1382 tum
864 1319 917 1382 illa
939 1319 1085 1383 nimirum
1108 1340 1195 1403 prae-

162 1427 225 1485 stat
247 1422 402 1502 omnibus,
426 1420 509 1502 quod
534 1421 651 1485 bonam
678 1439 767 1503 spem
790 1422 950 1504 praelucet
976 1421 1008 1485 in
1036 1427 1194 1506 posterum

162 1545 221 1589 neo
248 1524 405 1590 debilitari
431 1524 554 1588 animos
580 1529 635 1587 aut
662 1522 775 1588 cadere
802 1523 927 1607 patitur.
967 1525 1083 1590 Verum
1110 1527 1194 1591 enirn

161 1627 297 1691 amicum
320 1627 373 1709 qni
396 1626 543 1707 intuetur,
566 1631 728 1707 tamquam
755 1627 917 1710 exemplar
943 1627 1071 1709 aliquod
1097 1629 1194 1693 intue-

162 1736 211 1794 tur
233 1730 290 1795 sui.
336 1727 489 1805 Quocirca
512 1734 543 1793 et
564 1728 713 1794 absentes
741 1728 857 1794 adsunt
884 1738 915 1794 et
942 1736 1072 1813 egentes
1098 1732 1194 1795 abun-

162 1832 239 1898 dant
270 1839 301 1897 et
329 1833 467 1897 inbecilli
498 1832 607 1897 valent
637 1837 682 1913 et,
712 1831 796 1914 quod
827 1832 986 1898 difficilius
1016 1833 1102 1898 dictu
1136 1841 1193 1932 est,

162 1937 273 2000 mortui
304 1937 432 2019 vivunt3
463 1941 569 2000 tantus
599 1954 652 2000 eos
681 1934 791 2015 honos,
821 1936 981 2016 memoria,
1005 1934 1194 2002 desiderium

160 2040 357 2123 prosequitur
383 2039 562 2103 amicorum.
609 2039 659 2102 Ex
687 2059 748 2121 quo
775 2039 898 2103 illorum
925 2040 1019 2104 beata
1046 2060 1128 2104 mors
1151 2042 1193 2105 vi.

161 2142 261 2224 detur,
284 2142 395 2206 horum
423 2142 489 2206 vita
515 2140 691 2207 laudabilis.
738 2141 829 2217 Quod
857 2142 884 2206 si
907 2142 1062 2206 exemeris
1086 2162 1126 2206 ex
1149 2163 1193 2207 re·

160 2267 227 2309 rum
250 2252 364 2310 natura
386 2245 619 2310 benivolentiae
636 2245 897 2324 coniunctionem,
914 2264 973 2309 nec
996 2244 1107 2308 domus
1130 2246 1194 2310 ulla

162 2369 220 2414 nec
241 2349 316 2413 urbs
339 2355 421 2412 stare
443 2348 567 2432 poterit,
591 2368 631 2412 ne
657 2348 725 2431 agri
749 2347 876 2429 quidem
904 2347 1004 2412 cultus
1031 2368 1193 2431 permane-

161 2453 215 2517 bit.
260 2451 298 2516 Id
320 2453 346 2516 si
368 2452 473 2516 minus
494 2452 695 2534 intellegitur,
718 2457 837 2533 quanta
860 2450 910 2515 vis
936 2450 1094 2516 amicitiae
1122 2472 1193 2517 con·

162 2555 348 2637 cordiaeque
363 2555 412 2635 sit,
430 2575 470 2619 ex
487 2553 735 2619 dissensionibus
758 2561 853 2634 atque
875 2575 916 2619 ex
940 2552 1104 2620 discordiis
1126 2574 1192 2638 per-

162 2659 222 2742 cipi
249 2664 360 2742 potest.
407 2657 496 2733 Quae
524 2658 607 2722 enim
636 2657 747 2722 domus
773 2664 837 2721 tarn
866 2657 996 2739 stabilis,
1021 2677 1101 2738 quae
1127 2664 1192 2722 tarn

160 2762 250 2826 firma
279 2762 391 2827 civitas
421 2767 478 2841 est,
502 2781 583 2844 quae
613 2781 676 2825 non
706 2760 786 2825 odiis
816 2767 847 2825 et
878 2760 1019 2826 discidiis
1050 2760 1192 2826 funditus

160 2865 258 2950 possit
288 2865 411 2930 everti?
455 2866 505 2928 Ex
528 2884 599 2947 quo,
623 2870 774 2946 quantum
804 2864 879 2929 boni
909 2863 949 2928 sit
978 2864 1011 2927 in
1041 2864 1191 2944 amicitia,

160 2970 290 3036 iudicari
312 2977 422 3053 potest.
468 2969 710 3054 Agrigentinum
733 2967 860 3051 quidem
884 2967 1010 3033 doctum
1034 2967 1191 3050 quendam
1210 2993 1243 3039 24

159 3075 261 3138 virum
291 3074 483 3137 carminibus
513 3072 641 3137 Graecis
670 3071 877 3135 vaticinatum
907 3070 1022 3150 ferunt,
1047 3090 1128 3152 quae
1157 3071 1190 3133 in

159 3197 262 3241 rerum
289 3182 402 3241 natura
428 3183 555 3257 totoque
578 3173 696 3239 mundo
719 3180 899 3239 constarent
923 3192 1066 3255 quaeque
1089 3193 1191 3238 move-

159 3287 276 3360 rentur,
309 3300 347 3344 ea
377 3279 561 3344 contrahere
590 3277 770 3358 amicitiam,
803 3276 957 3360 dissipare
991 3275 1190 3341 discordiam.

158 3384 262 3465 Atque
289 3382 348 3448 hoc
376 3382 502 3465 quidem
529 3401 638 3447 omnes
665 3381 811 3446 mortales
839 3385 870 3444 et
892 3379 1081 3462 intellegunt
1104 3385 1135 3443 et
1157 3399 1191 3442 re

158 3486 301 3571 probant.
329 3488 450 3568 Itaque,
465 3486 492 3551 si
508 3485 634 3568 quando
656 3484 784 3566 aliquod
806 3483 945 3549 officium
967 3482 1073 3546 extitit
1096 3482 1190 3545 amici

158 3591 191 3655 in
213 3591 360 3674 periculis
386 3596 441 3654 aut
466 3588 621 3654 adeundis
647 3595 702 3652 aut
731 3584 1009 3664 communicandis,
1034 3584 1104 3665 quis
1132 3591 1190 3665 est,

159 3694 212 3776 qui
234 3693 268 3758 id
291 3715 352 3758 non
377 3693 523 3757 maximis
547 3693 656 3757 efferat
671 3690 842 3756 laudibus?
866 3688 927 3765 Qui
951 3688 1103 3753 clamores
1126 3693 1192 3751 tota

159 3815 257 3861 cavea
286 3816 386 3881 nuper
414 3796 447 3860 in
477 3795 609 3880 hospitis
640 3801 671 3859 et
698 3794 791 3858 amici
819 3793 881 3859 mei
905 3793 945 3857 M.
962 3790 1081 3854 Pacuvi
1108 3809 1191 3854 nova

1215 1197 1228 1248 7

1213 1270 1246 1315 ⁶23
