3026 4350
320 241 364 307 30
620 259 776 316 LAELIUS
792 260 843 314 DE
859 261 1046 317 AMICITIA.

319 431 484 514 lactantur,
500 436 532 498 et
545 432 579 515 ii,
595 434 648 517 qui
664 454 755 501 suum
770 435 932 519 negotium
947 442 1061 520 gerunt
1075 433 1175 514 otiosi,
1190 435 1352 516 postremo

319 534 352 627 ii,
380 534 433 618 qui
459 554 494 600 se
522 542 604 602 totos
633 535 830 603 tradiderunt
858 539 1081 623 voluptatibus,
1112 538 1180 602 sine
1208 532 1353 598 amicitia

319 637 419 703 vitam
446 658 516 705 esse
537 640 664 722 nullam,
688 640 829 708 simodo
852 642 951 706 velint
972 642 1078 725 aliqua
1100 661 1140 706 ex
1162 644 1251 723 parte
1274 636 1353 701 libe-

268 749 301 797 87
319 739 426 805 raliter
440 740 556 806 vivere.
585 741 690 827 Serpit
705 744 789 808 enim
803 745 910 811 nescio
933 765 995 827 quo
1016 743 1108 810 modo
1130 762 1186 826 per
1208 738 1354 805 omnium

319 842 402 907 vitas
423 843 563 909 amicitia
585 865 644 910 nec
665 845 761 910 ullam
787 847 901 912 aetatis
926 846 1090 932 degendae
1115 845 1270 910 rationem
1298 860 1355 925 pa-

319 946 395 1010 titur
422 966 492 1013 esse
519 954 681 1032 expertem
703 949 761 1014 sui.
807 948 890 1027 Quin
918 950 1013 1015 etiarn
1039 950 1065 1015 si
1087 948 1157 1031 quis
1179 945 1356 1030 asperitate

319 1070 358 1114 ea
387 1055 435 1116 cst
464 1057 495 1115 et
522 1051 709 1118 inmanitate
738 1057 880 1134 naturae,
908 1071 1092 1138 congressus
1121 1056 1156 1115 ut
1186 1048 1356 1114 hominum

318 1152 422 1235 fugiat
452 1159 549 1236 atque
582 1152 694 1236 oderit,
729 1156 854 1237 qualem
888 1155 985 1221 fuisse
1016 1153 1150 1220 Athenis
1182 1152 1356 1217 Timonem

318 1255 534 1338 nescioquem
552 1257 740 1341 accepimus,
756 1264 862 1323 tamen
884 1258 912 1323 is
931 1258 997 1342 pati
1018 1277 1081 1321 non
1102 1255 1212 1340 possit,
1228 1259 1265 1319 ut
1286 1271 1358 1316 non

318 1357 465 1439 anquirat
490 1358 637 1441 aliquem,
665 1359 751 1442 apud
778 1379 871 1441 quem
901 1367 1026 1425 evomat
1051 1359 1144 1447 riuus¹
1166 1354 1358 1423 acerbitatis

318 1480 404 1526 suae.
427 1461 533 1543 Atque
551 1460 611 1526 hoc
633 1461 773 1527 maxime
794 1462 993 1543 iudicaretur,
1009 1462 1036 1528 si
1058 1459 1134 1543 quid
1155 1461 1220 1525 tale
1242 1463 1359 1543 posset

318 1563 511 1648 contingere,
539 1569 576 1628 ut
604 1564 718 1646 aliquis
746 1584 804 1629 nos
833 1564 911 1630 deus
941 1586 982 1631 ox
1011 1564 1073 1629 bac
1100 1563 1267 1628 hominum
1294 1560 1360 1626 ire·

319 1667 448 1749 quentia
473 1667 596 1731 tolleret
622 1668 708 1732 etin
731 1667 898 1732 solitudine
919 1669 1043 1752 uspiam
1065 1667 1234 1732 collocaret
1256 1671 1361 1746 atque

317 1770 362 1835 ibi
390 1769 596 1854 suppeditans
623 1770 763 1835 omnium
790 1790 902 1851 rerum,
930 1791 1008 1853 quas
1037 1776 1150 1834 natura
1180 1767 1359 1849 desiderat,

317 1871 546 1938 abundantiam
574 1879 606 1938 et
632 1873 755 1957 copiam
783 1871 918 1938 hominis
944 1873 1070 1938 omnino
1098 1870 1280 1955 aspiciendi
1305 1892 1361 1955 po-

316 1981 464 2041 testatem
480 1976 623 2059 eriperet.
647 1974 727 2052 ouis
747 1981 815 2039 tam
837 1982 920 2040 esset
935 1975 1064 2057 ferreus,
1080 1974 1134 2056 qui
1157 1994 1229 2038 earn
1254 1975 1361 2039 vitam

316 2078 398 2143 ferro
427 2085 548 2162 posset,
580 2078 693 2159 cuique
721 2097 787 2142 non
820 2078 957 2142 auferret
985 2078 1121 2141 fructum
1152 2077 1362 2160 voluptatum

264 2196 297 2245 aa
316 2178 457 2245 omnium
480 2177 640 2245 solitudo?
669 2180 787 2244 Verum
810 2200 885 2262 ergo
907 2179 984 2243 illud
1006 2186 1063 2260 est,
1087 2178 1171 2261 quod
1193 2199 1216 2243 a
1238 2181 1364 2245 Taren-

315 2284 383 2348 tino
406 2281 559 2365 Archyta,
579 2288 614 2346 ut
636 2282 756 2365 opinor,
777 2280 839 2345 dici
862 2281 985 2346 solitum
1008 2287 1131 2353 nostros
1154 2302 1251 2348 senes
1276 2304 1364 2349 com-

315 2403 492 2450 memorare
514 2382 622 2447 audivi
644 2384 685 2449 ab
708 2383 779 2448 aliis
798 2383 926 2448 senibus
945 2382 1104 2449 auditum:
1130 2385 1182 2469 „si
1206 2386 1299 2467 quis
1323 2386 1364 2450 in

316 2486 460 2552 caelum
497 2484 736 2550 ascendisset
769 2491 1014 2567 naturamque
1046 2485 1174 2550 mundi
1209 2493 1248 2552 et
1284 2489 1366 2572 pul-

316 2585 572 2654 chritudinem
599 2585 763 2651 siderum
790 2586 1066 2671 perspexisset,
1088 2588 1293 2654 insuavem
1325 2591 1366 2655 il·

314 2692 388 2755 lam
422 2686 710 2753 admirationem
745 2689 778 2751 ei
811 2689 910 2772 fore3
949 2710 1044 2771 quae
1076 2689 1367 2758 iucundissima

315 2792 471 2872 fuisset,
495 2789 527 2854 si
549 2788 726 2871 aliquem,
751 2790 809 2853 cui
831 2799 1015 2872 narraret,
1037 2792 1273 2859 habuisset.“
1309 2796 1368 2862 Sic

315 2900 431 2959 natura
449 2890 622 2956 solitarium
644 2888 724 2954 nihil
745 2898 831 2954 amat
853 2910 1039 2975 semperque
1060 2893 1102 2958 ad
1124 2896 1259 2977 aliquod
1283 2904 1368 2963 tam-

316 3016 413 3080 quam
439 2993 665 3058 adminiculum
692 2991 859 3077 adnititur3
891 2994 974 3077 quod
1000 2997 1034 3060 iu
1059 2997 1256 3064 amicissimo
1287 3022 1368 3083 quo·

263 3109 303 3164 24
316 3118 379 3180 que
401 3095 617 3160 dulcissimum
640 3101 697 3158 est.
735 3092 800 3160 Sed
822 3114 892 3158 cum
914 3102 960 3159 tot
981 3097 1080 3183 signis
1103 3099 1221 3164 eadem
1244 3110 1370 3168 natura

315 3200 466 3278 declaret,
497 3196 574 3279 quid
604 3196 690 3277 velit,
720 3197 876 3278 anquirat,
906 3196 1072 3282 desideret,
1104 3200 1215 3267 tamen
1252 3207 1368 3272 obsur-

315 3300 475 3367 descimus
505 3299 612 3363 nescio
643 3317 705 3379 quo
734 3296 826 3361 modo
856 3317 915 3361 nec
942 3319 988 3381 ea,
1012 3322 1094 3382 quae
1120 3305 1163 3369 ab
1189 3326 1231 3370 ea
1254 3330 1370 3375 mone-

315 3423 396 3482 mur,
419 3400 575 3465 audimus.
620 3399 677 3463 Est
700 3399 784 3461 enim
807 3398 912 3462 varius
938 3406 969 3464 et
991 3404 1156 3487 multiplex
1181 3428 1263 3475 usus
1287 3413 1370 3477 ami-

316 3505 422 3584 citiae,
433 3503 615 3583 multaeque
631 3519 745 3563 causae
760 3499 972 3582 suspicionum
988 3504 1270 3592 offensionumque
1287 3515 1370 3580 dan-

315 3614 375 3687 tur,
400 3624 479 3686 quas
506 3609 574 3667 tum
602 3602 731 3680 evitare,
754 3606 819 3664 turn
847 3601 981 3685 elevare,
1004 3612 1070 3670 tum
1093 3608 1178 3675 ferre
1203 3617 1371 3699 sapientis

316 3716 382 3792 cst3
416 3727 481 3771 una
508 3705 564 3770 illa
591 3701 788 3771 sublevanda
813 3703 943 3770 offensio
971 3713 1027 3789 est,
1050 3715 1085 3772 ut
1111 3718 1144 3775 et
1170 3716 1302 3786 utilitas
1334 3722 1370 3786 in

315 3808 458 3876 amIcitia
473 3814 505 3873 et
519 3805 600 3871 fides
614 3806 802 3870 retineatur:
825 3813 946 3870 namet
968 3810 1116 3876 monendi
1139 3817 1240 3885 amici
1265 3842 1371 3909 saepe
